2714 4350
377 304 548 361 aarum
572 305 613 361 rr.
632 296 792 382 285-365.

55 490 115 532 non
137 470 193 530 nisi
214 467 341 548 legitime
361 469 421 528 vult
442 471 558 528 nubere.
600 467 672 546 quid
692 468 814 546 placeat,
835 467 900 542 dic3

55 572 84 627 ni
105 588 208 648 parere
227 569 307 640 velis,
328 568 512 647 pereundum
533 567 587 627 erit
608 576 676 626 ante
696 567 848 639 lucernas;

53 671 77 727 si
98 668 193 728 scelus
214 669 357 738 admittas,
379 666 494 725 dabitur
513 683 597 726 mora
617 665 745 742 parvula,
767 666 839 724 dum
859 685 906 725 res
1055 691 1104 739 340

56 777 127 826 nota
147 768 211 826 urbi
231 776 260 825 et
280 765 392 844 populo
412 765 564 842 contingat
584 764 721 842 principis
743 783 852 826 aurem.

55 866 183 925 dedecus
204 865 251 925 ille
273 865 378 925 domus
400 864 471 923 sciet
491 864 618 923 ultimus.
660 864 770 923 interea
790 874 822 923 tu

55 966 217 1042 obsequere
237 964 367 1040 imperio,
389 963 413 1023 si
434 963 506 1021 tanti
526 963 586 1022 vita
607 963 720 1023 dierum

54 1071 225 1138 paucorum.
267 1061 408 1139 quidquid
428 1061 590 1138 meliusque
610 1061 700 1121 levius
721 1062 840 1139 putaris,

55 1160 224 1237 praebenda
244 1170 288 1219 est
308 1160 407 1237 gladio
428 1160 549 1237 pulchra
570 1160 641 1220 haec
663 1171 692 1220 et
713 1160 839 1221 candida
859 1160 965 1219 cervia.
1074 1180 1093 1188 ··

66 1328 69 1334 ,
117 1259 184 1318 ‘Nil
205 1277 276 1336 ergo
296 1261 440 1338 optabunt
460 1257 629 1318 hominesl’
660 1260 685 1318 si
707 1259 862 1319 consilium
883 1258 934 1328 vis,

55 1359 204 1435 permittes
225 1358 294 1436 ipsis
314 1357 480 1435 expendere
501 1358 680 1430 numinibus,
702 1359 773 1436 quid

55 1454 210 1512 conveniat
230 1453 316 1513 nobis
335 1454 481 1529 rebusque
502 1453 539 1512 sit
559 1452 629 1512 utile
649 1453 763 1512 nostris

56 1569 126 1608 nam
146 1570 201 1628 pro
222 1550 356 1610 iucundis
376 1551 527 1628 aptissima
548 1569 682 1629 quaeque
703 1551 815 1611 dabunt
836 1550 874 1610 di.

56 1650 149 1707 carior
170 1659 215 1709 est
234 1649 289 1708 illis
310 1649 410 1722 homo,
432 1667 522 1727 quam
543 1651 605 1733 sibi.
647 1668 704 1709 nos
725 1650 893 1709 animorum

55 1749 173 1825 inpulsu
193 1759 222 1807 et
242 1766 330 1807 caeca
350 1766 517 1825 magnaque
537 1749 676 1826 cupidine
697 1749 777 1809 ducti

57 1848 227 1922 coniugium
246 1847 371 1924 petimus
391 1857 564 1924 partumque
583 1849 702 1920 uxoris3
725 1857 755 1907 at
774 1848 833 1908 illis'

56 1956 167 2016 notum,
189 1946 239 2023 qui
259 1945 342 2023 pueri
362 1946 512 2023 qualisque
534 1946 629 2006 sutura
650 1947 687 2006 sit
707 1964 790 2007 uxor.

56 2055 86 2102 ut
107 2055 207 2103 tamen
227 2052 256 2103 et
275 2062 381 2122 poscas
402 2044 512 2123 aliquid
532 2063 697 2121 voveasque
719 2045 834 2106 sacellis

56 2153 123 2201 exta
144 2153 173 2202 et
194 2142 342 2202 candiduli
362 2143 459 2205 divina
480 2144 627 2203 tomacula
648 2145 740 2221 porci,

56 2240 201 2300 orandum
223 2251 273 2314 est,
295 2251 326 2303 ut
346 2242 384 2302 sit
405 2260 489 2302 mens
510 2261 582 2304 sana
603 2243 634 2301 in
655 2260 777 2320 corpore
798 2262 881 2304 sano.

56 2341 161 2399 fortem
183 2358 271 2416 posce
292 2340 432 2413 animum,
453 2342 555 2400 mortis
576 2351 683 2402 terrore
703 2349 861 2416 carentem,

58 2440 107 2516 qui
127 2439 255 2514 spatium
275 2439 350 2500 vitae
371 2449 535 2500 extremum
557 2441 632 2500 inter
652 2459 774 2501 munera
794 2452 887 2520 ponat

57 2547 185 2608 naturae,
207 2537 257 2614 qui
278 2536 350 2596 serre
371 2547 460 2614 queat
482 2557 685 2616 quoscumque
707 2540 832 2612 labores

57 2637 167 2694 nesciat
188 2635 282 2704 irasci,
304 2636 401 2713 cupiat
422 2635 493 2696 nihil
514 2646 543 2696 et
561 2639 691 2714 potiores

58 2733 193 2792 Herculis
214 2749 368 2793 aerumnas
389 2735 487 2795 credat
507 2753 667 2813 saevosque
687 2737 802 2797 labores

57 2847 84 2890 et
106 2829 222 2891 Venere
241 2841 271 2893 et
291 2833 372 2893 cenis
392 2843 422 2895 et
442 2833 541 2911 pluma
563 2834 771 2912 Sardanapalli.

57 2942 188 2991 monstro
210 2931 289 3008 quod
309 2932 372 3009 ipse
392 2933 444 2994 tibi
465 2933 560 3009 possis
581 2933 659 2992 dare.
702 2936 804 2994 semita
825 2945 902 2996 certe

57 3030 229 3106 tranquillae
250 3048 303 3107 per
322 3031 456 3092 virtutem
476 3041 557 3108 patet
576 3033 666 3092 unica
686 3033 769 3094 vitae.

59 3129 169 3187 nullum
192 3146 302 3188 numen
322 3128 422 3201 habes,
444 3129 468 3187 si
488 3130 527 3189 sit
546 3129 716 3206 prudentia;
739 3149 795 3190 nos
815 3141 844 3189 te

58 3246 112 3287 nos
133 3228 266 3300 facimus,
284 3228 424 3301 Fortuna,
442 3227 532 3291 deam
549 3229 693 3306 caeloque
709 3229 849 3289 locamus.
