2714 4350
109 367 111 372 .
172 334 234 378 110
472 325 512 381 D.
535 325 652 381 IUNII
670 325 903 385 IUVENALI'S

168 501 197 549 et
218 490 324 568 quibus
345 499 445 549 aurata
465 509 530 549 mos
551 501 595 550 est
616 490 725 568 fulgere
746 491 882 555 lacerna?

168 590 238 668 quid
258 589 352 664 refert,
373 591 474 666 magni
495 591 594 650 sedeat
616 609 675 669 qua
695 600 776 668 parte
797 590 909 662 theatri,

167 689 219 765 qui
238 690 285 748 vix
306 689 468 748 cornicines
489 689 625 748 exaudiet
645 699 732 767 atque
753 691 890 749 tubarum

167 788 347 847 concentus?
368 788 496 847 clamore
517 806 592 864 opus
612 798 664 860 est,
686 798 717 847 ut
738 789 841 848 sentiat
862 788 949 861 auris,

166 905 255 964 quern
276 886 352 945 dicat
372 887 484 946 venisse
505 905 586 963 puer,
607 897 679 964 quot
700 887 811 945 nuntiet
831 888 928 947 horas.

165 996 315 1062 praeterea
335 985 473 1043 minimus
494 985 590 1061 gelido
612 985 671 1043 iam
691 985 723 1043 in
743 1004 868 1062 corpore
888 986 1008 1064 sanguis

165 1085 246 1144 febre
267 1085 340 1145 calet
362 1085 433 1157 sola,
457 1084 624 1144 circumsilit
645 1085 762 1159 agmine
784 1084 862 1145 facto

165 1186 334 1243 morborum
355 1201 443 1241 omne
464 1199 566 1258 genus,
589 1201 715 1259 quorum
736 1185 760 1242 si
781 1185 902 1242 nomina
923 1202 1057 1262 quaeras,

163 1283 327 1360 promptius
348 1281 511 1358 expediam,
532 1291 603 1359 quot
624 1283 762 1341 amaverit
783 1282 881 1361 Oppia
901 1283 1051 1357 moechos,

165 1392 238 1459 quot
259 1381 422 1441 Themison
443 1398 547 1457 aegros
569 1389 710 1441 autumno
732 1381 869 1440 occiderit
889 1400 959 1455 uno,

165 1490 237 1559 quot
258 1479 372 1538 Basilus
393 1480 498 1549 socios,
521 1490 593 1558 quot
615 1480 871 1557 circumscripserit
893 1479 1019 1552 Hirrus;

164 1597 331 1656 percurram
352 1579 443 1649 citius,
464 1589 536 1654 quot
557 1578 637 1637 villas
658 1578 807 1656 possideat
828 1597 916 1651 nunc,

164 1697 224 1758 quo
245 1678 383 1737 tondente
404 1678 499 1754 gravis
521 1677 617 1735 iuveni
637 1677 708 1735 mihi
728 1678 820 1736 barba
841 1679 973 1737 sonabat.

162 1778 209 1836 ille
229 1796 341 1848 umero,
362 1777 408 1835 hic
431 1776 546 1848 lumbis,
567 1775 615 1834 hic
636 1794 712 1835 coxa
733 1776 853 1848 debilis;
875 1776 980 1836 ambos

162 1878 285 1954 perdidit
305 1877 351 1936 ille
373 1876 474 1936 oculos
495 1885 523 1934 et
543 1875 632 1934 luscis
653 1875 770 1948 invidet,
793 1874 879 1935 huius

161 1976 269 2053 pallida
290 1976 370 2035 labra
391 1977 491 2035 cibum
512 1975 660 2051 accipiunt
681 1973 777 2050 digitis
798 1973 908 2045 alienis,

160 2075 222 2150 ipse
243 2076 282 2134 ad
302 2085 493 2152 conspectum
514 2091 604 2133 cenae
626 2072 763 2131 diducere
784 2071 889 2131 rictum

161 2183 259 2232 suetus
280 2172 340 2231 hiat
361 2183 483 2245 tantum,
504 2191 558 2231 ceu
579 2171 675 2248 pullus
696 2169 865 2243 himndinis‚
889 2170 926 2229 ad
947 2188 1036 2247 quem

161 2290 216 2333 ore¹
232 2270 309 2329 volat
329 2272 418 2348 pleno
439 2281 532 2330 mater
552 2271 656 2332 ieiuna.
699 2269 751 2328 sed
772 2269 853 2328 omni

160 2370 358 2428 membrorum
380 2369 488 2428 damno
508 2369 602 2428 maior
622 2368 777 2439 dementia,
798 2386 873 2447 quae
895 2386 950 2428 nec

159 2467 280 2527 nomina
301 2485 448 2526 servorum
468 2485 523 2526 ncc
544 2467 654 2526 vultum
675 2467 809 2543 agnoscit
830 2465 925 2539 amici,

159 2585 226 2625 curn
248 2584 307 2642 quo
328 2565 480 2642 praeterita
502 2567 614 2624 cenavit
635 2575 730 2637 nocte,
752 2584 807 2624 nec
828 2565 902 2635 illos,

158 2683 232 2741 quos
253 2665 361 2741 genuit,
383 2682 458 2743 quos
480 2665 586 2723 eduxit.
630 2682 700 2723 nam
721 2664 824 2723 codice
845 2681 933 2723 saevo

157 2765 279 2823 heredes
298 2773 380 2836 vetat¹
395 2782 460 2823 esse
481 2781 559 2835 suos,
580 2765 660 2822 bona
680 2772 742 2821 tota
761 2762 891 2822 feruntur

156 2864 195 2923 ad
215 2862 344 2922 Phialen.
804 2873 808 2881 ·

157 2974 189 3023 ut
208 2963 324 3038 vigeant
345 2979 446 3022 sensus
467 2960 566 3031 animi,
589 2959 724 3019 ducenda
744 2970 843 3018 tamen
864 2969 930 3018 sunt

155 3061 257 3120 funera
278 3063 421 3134 natorum,
444 3077 532 3136 rogus
553 3059 738 3135 aspiciendus
759 3069 873 3117 amatae
891 3101 907 3139 (

58 3174 62 3186 ·
155 3160 286 3236 coniugis
307 3169 336 3218 et
356 3158 448 3217 fratris
469 3160 630 3237 plenaeque
652 3158 800 3217 sororibus
819 3175 920 3216 urnae.

153 3257 226 3317 haec
248 3258 315 3316 data
336 3275 433 3334 poena
453 3257 504 3316 diu
524 3256 691 3326 viventibus,
711 3265 743 3315 ut
763 3264 901 3314 renovata

152 3373 267 3430 semper
287 3356 368 3414 clade
389 3356 494 3416 domus
515 3355 613 3413 multis
634 3354 665 3411 in
685 3353 808 3413 luctibus
830 3354 919 3430 inque

152 3461 294 3528 perpetuo
315 3472 446 3512 maerore
466 3465 495 3512 et
515 3454 599 3530 nigra
619 3461 697 3511 veste
717 3460 877 3511 senescant.

151 3568 202 3608 rex
224 3550 330 3627 Pylius,
351 3570 461 3628 magno
482 3553 506 3610 si
526 3552 687 3629 quidquam
708 3550 803 3610 credis
824 3551 967 3622 Homero,

46 3691 48 3695 r
152 3649 319 3724 exemplum
339 3651 413 3708 vitae
433 3649 486 3708 fuit
506 3668 524 3709 a
546 3651 661 3709 cornice
683 3649 836 3709 secundae.

151 3745 219 3804 felix
241 3747 385 3821 nimirum,
407 3749 458 3824 qui
478 3758 521 3806 tot
541 3766 593 3825 per
614 3748 730 3809 saecula
750 3758 874 3806 mortem

150 3844 258 3904 distulit
278 3855 364 3922 atque
386 3863 455 3906 suos
476 3846 536 3904 iam
557 3847 657 3906 dextra
678 3855 830 3922 computat
850 3862 955 3917 annos,
