2714 4350
220 345 282 404 104
530 332 570 390 D.
593 332 709 388 IUNII
725 333 959 388 IUVENALJS

721 685 773 761 X.

220 885 356 947 Ormmus
377 886 407 946 in
429 887 519 959 terris,
541 905 617 966 quae
639 898 705 947 sunt
725 906 744 946 a
766 886 899 946 Gadibus
918 904 1011 965 usque

219 984 365 1045 Auroram
387 996 416 1047 et
436 985 573 1064 Gangen,
595 987 682 1065 pauci
703 985 852 1046 dinoscere
873 997 997 1063 possunt

218 1103 286 1143 vera
307 1086 386 1144 bona
407 1095 495 1163 atque
516 1086 571 1144 illis
592 1084 716 1143 multum
737 1084 858 1158 diversa,
876 1088 992 1161 'remota

219 1183 324 1243 erroris
345 1183 460 1244 nebula.
501 1184 571 1261 quid
592 1174 805 1243 enim'ratione
826 1184 961 1244 timemus

101 1269 129 1342 ’.
220 1290 269 1340 aut
290 1282 443 1359 cupimus?
465 1282 535 1360 quid
555 1292 615 1341 tam
637 1281 739 1340 dextro
760 1281 836 1359 pede
856 1284 994 1360 concipis,
1015 1294 1047 1343 ut
1068 1295 1096 1344 te

220 1389 341 1438 conatus
363 1395 424 1439 non
445 1379 591 1457 paeniteat
612 1380 727 1455 votique
749 1381 877 1457 peracti?

221 1487 347 1536 evertere
368 1478 474 1537 domos
495 1486 572 1538 totas
593 1478 762 1554 optantibus
778 1478 854 1556 ipsis

221 1575 251 1634 di
271 1574 370 1635 faciles
381 1596 390 1649 3
413 1577 545 1636 nocitura
566 1586 643 1652 toga,
666 1577 798 1635 nocitura
818 1585 956 1653 petuntur

222 1673 321 1732 militia
332 1693 341 1746 ;
362 1662 474 1734 torrens
495 1674 610 1733 dicendi
631 1674 717 1750 copia
737 1674 836 1734 multis

222 1783 250 1831 et
272 1791 324 1830 sua
345 1771 492 1832 mortifera
512 1783 557 1831 est
578 1771 721 1845 facundia,
744 1773 851 1831 viribus
872 1772 918 1832 ille

223 1871 351 1930 confisus
371 1873 455 1949 periit
475 1871 712 1948 admirandisque
732 1870 853 1931 lacertis

223 1971 274 2028 sed
295 1970 391 2047 plures
412 1971 502 2029 nimia
523 1980 664 2047 congesta
684 1970 809 2047 pecunia
830 1987 900 2030 cura

224 2069 383 2145 strangulat
404 2078 433 2126 et
454 2078 560 2127 cuncta
580 2064 743 2144 exuperans
763 2067 939 2144 patrimonia
959 2087 1072 2142 census,

224 2177 334 2243 quanto
354 2164 499 2242 delphinis
518 2165 652 2224 ballaena
672 2165 840 2225 Britannica
860 2167 961 2226 maior.

223 2265 402 2341 temporibus
423 2263 492 2322 diris
513 2264 598 2341 igitur
619 2265 757 2340 iussuque
779 2263 906 2325 Neronis

224 2362 394 2437 Longinum
414 2372 443 2420 et
463 2380 589 2438 magnos
612 2361 740 2421 Senecae
760 2363 925 2439 praedivitis
945 2364 1045 2424 hortos

225 2460 326 2520 clausit
345 2469 375 2519 et
388 2461 527 2546 'egregias
549 2459 759 2528 Lateranorum
780 2463 893 2522 obsidet
914 2464 1001 2522 aedes

225 2570 285 2619 tota
307 2559 419 2619 cohors.
461 2577 542 2618 rarus
562 2559 689 2619 venitin
710 2561 961 2621 cenacula‘miles.

226 2677 320 2736 pauca
339 2658 405 2719 licet
426 2669 524 2737 portes
545 2659 656 2734 argenti
677 2658 793 2718 vascula
814 2660 888 2736 puri,

226 2763 314 2813 nocte
334 2753 388 2813 iter
407 2754 555 2830 ingressus
576 2753 706 2829 gladium
726 2763 906 2831 contumque
927 2755 1041 2814 timebis

225 2863 253 2911 et
274 2862 371 2911 motae
392 2853 430 2912 ad
450 2852 550 2910 lunam
570 2848 727 2928 trepidabis
747 2850 915 2910 harundinis
935 2853 1088 2927 umbram3

226 2951 356 3010 cantabit
376 2964 483 3011 vacuus
504 2969 605 3010 coram
626 2951 737 3009 latrone
758 2935 858 3011 viator.

227 3051 320 3127 prima
341 3049 398 3109 sere
419 3059 486 3108 vota
508 3059 536 3107 et
557 3050 669 3108 cunctis
689 3048 839 3107 notissima
860 3049 975 3125 templis

227 3150 348 3221 divitiae,
370 3157 503 3207 crescant
523 3158 555 3206 ut
576 3166 656 3224 opes,
676 3157 708 3206 ut
729 3148 857 3205 maxima
878 3156 941 3206 toto

227 3259 325 3307 nostra
347 3249 383 3308 sit
403 3267 469 3307 arca
490 3247 564 3306 foro.
600 3246 659 3307 'sed
680 3245 759 3306 nulla
779 3245 894 3304 aconita
915 3245 1052 3305 bibuntur

228 3347 379 3419 fictilibus3
400 3356 468 3405 tunc
490 3346 537 3405 illa
558 3346 637 3419 time,
660 3363 728 3404 cum
749 3344 856 3420 pocula
876 3362 974 3405 sumes

228 3454 374 3521 gemmata
395 3453 424 3503 et
444 3444 503 3504 lato
526 3443 657 3502 Setinum
677 3443 789 3502 ardebit
808 3443 839 3500 in
860 3461 939 3501 auro.

227 3543 324 3602 iamne
345 3543 429 3618 igitur
448 3543 550 3603 laudas
571 3543 651 3620 quod
672 3542 708 3601 de
730 3541 909 3618 sapientibus
930 3542 1000 3600 alter

229 3642 347 3714 ridebat,
370 3641 503 3718 quotiens
525 3642 561 3701 de
582 3642 681 3701 limine
701 3649 831 3700 moverat
850 3657 943 3698 unum

228 3740 441 3818 protuleratque
462 3740 576 3818 pedem,
598 3740 686 3799 flebat
705 3740 869 3813 contrarius
890 3740 1009 3798 auctor?

229 3839 281 3898 sed
301 3838 391 3898 facilis
412 3838 500 3897 cuivis
519 3837 606 3914 rigidi
627 3855 750 3898 censura
772 3837 922 3897 cachinni:
