2714 4350
217 319 277 383 106
525 327 565 382 D.
587 326 706 383 IUNJI
723 326 957 383 IUVENALIS

214 488 397 571 spectandus.
439 491 568 570 gaudent
588 511 700 553 omnes.
743 497 837 571 ‘quae
858 492 948 564 labra,
970 493 1035 572 quis
1056 494 1096 553 illi

213 591 308 650 vultus
329 593 405 651 erati
428 610 598 669 numquam,
620 592 736 669 siquid
756 591 827 650 mihi
848 592 951 663 credis,
973 593 1068 651 amavi

213 688 292 748 hunc
312 689 471 750 hominem.
513 690 564 749 sed
585 709 644 769 quo
666 690 768 750 cecidit
790 691 844 749 sub
865 691 1006 750 crimine?
1027 692 1162 771 quisnam

213 779 343 848 delator?
370 790 475 866 quibus
496 789 617 862 indiciis
639 808 699 867 quo
719 798 790 848 teste
812 789 976 866 probaviti’

215 892 232 918 “
241 887 282 945 nil
301 886 416 961 horum,
438 889 560 947 verbosa
581 898 610 947 et
630 887 749 965 grandis
770 888 893 965 epistula
913 890 992 948 venit

214 1005 233 1045 a
254 985 402 1064 Capreis.''
446 989 540 1046 ‘bene
561 984 649 1045 habet
659 1008 669 1061 ;
691 986 732 1045 nii
752 987 820 1064 plus
840 985 1004 1065 interrogo?
1045 988 1099 1047 sed
1120 988 1192 1067 quid

181 1066 299 1143 2turba
320 1085 430 1144 Remi?
452 1085 581 1163 sequitur
601 1085 756 1156 fortunam,
776 1095 809 1144 ut
830 1103 953 1162 semper,
975 1097 1004 1145 et
1025 1086 1087 1146 odit

214 1183 385 1257 damnatos;
406 1183 485 1264 idem
506 1182 640 1260 populna,
662 1184 687 1242 si
708 1179 812 1242 Nortia
832 1183 934 1244 Tusco
954 1223 959 1232 ·

213 1282 337 1354 favisset,
359 1283 383 1341 si
404 1300 544 1360 oppressa
564 1282 637 1342 foret
659 1301 762 1342 secura
782 1293 917 1343 senectus

215 1381 361 1459 principia,
383 1380 438 1440 hac
459 1381 522 1458 ipsa
545 1380 683 1439 Seianum
705 1382 811 1440 diceret
832 1381 905 1440 hora

214 1481 390 1557 Augustum.
431 1479 634 1556 iampridem,
656 1497 692 1537 ex
715 1499 774 1557 quo
796 1481 933 1557 suffragia
954 1479 1025 1538 nulli

213 1580 373 1649 vendimus,
393 1578 495 1638 effudit
516 1596 618 1651 curas3
641 1597 711 1636 nam
732 1580 782 1656 qui
803 1578 891 1637 dabat
913 1578 997 1638 olim·

214 1677 368 1756 imperium
388 1677 481 1736 fasces
501 1677 632 1754 legiones
652 1677 761 1750 omnia,
783 1695 862 1736 nunc
884 1695 916 1735 se

214 1777 344 1836 continet
364 1786 451 1854 atque
472 1776 544 1835 duas
564 1784 678 1834 tantum
698 1794 743 1834 res
765 1777 869 1835 anxius
890 1783 980 1852 optat,

214 1894 322 1953 panem
344 1886 373 1935 et
393 1875 546 1934 circenses.
589 1874 749 1950 ‘perituros
770 1874 858 1934 audio
879 1872 1006 1933 multos!

215 1974 282 2032 “nil
303 1974 433 2045 dubium,
454 1991 563 2049 magna
583 1982 626 2031 est
645 1971 814 2045 fornacula;
837 1971 992 2050 pallidulus
1014 1970 1055 2031 mi

214 2072 361 2132 Brutidius
381 2090 463 2130 meus
484 2072 522 2130 ad
543 2071 645 2130 Martis
667 2071 720 2129 suit
741 2071 844 2130 obvius
865 2087 956 2130 aram.

215 2156 304 2248 quam
324 2170 423 2241 timeo,
443 2170 537 2229 victus
558 2188 596 2228 ne
617 2156 729 2246 poenas
751 2170 849 2245 exigat
869 2170 946 2228 Aiax

214 2279 246 2328 ut
267 2268 342 2327 male
363 2267 513 2327 defensus!
535 2284 685 2327 curramus
705 2269 877 2344 praecipites
896 2276 934 2339 et,

159 2423 167 2439 „
215 2368 287 2426 dum
308 2367 381 2426 iacet
402 2367 433 2425 in
453 2368 525 2444 ripa,
547 2365 694 2426 calcemus
708 2367 850 2426 ‘Caesaris
870 2363 993 2426 hostem.

174 2468 177 2472 ’
215 2465 267 2525 sed
287 2464 404 2523 videant
425 2466 506 2538 servi,
528 2483 566 2523 ne
587 2466 652 2542 quis
673 2476 761 2542 neget
781 2475 811 2531 et
832 2461 970 2542 pavidum
991 2465 1022 2523 in
1042 2465 1087 2524 ius

215 2564 325 2623 cervice
346 2563 486 2623 obstricta
507 2563 660 2622 dominum
681 2559 802 2623 trahat.’'
844 2564 875 2622 hi
896 2583 1047 2623 sermones

215 2673 286 2721 tunc
307 2662 343 2721 de
366 2660 481 2734 Seian0,
504 2670 614 2721 secreta
634 2661 707 2722 haec
728 2679 878 2721 murmura
898 2662 984 2739 vulgi.

215 2762 296 2820 visne
317 2760 430 2821 salutari
452 2761 524 2819 sieut
547 2759 689 2819 Seianus?
710 2760 819 2820 habere

216 2859 386 2920 tantundem
408 2869 495 2936 atque
514 2859 554 2917 iili
575 2851 705 2918 summas
726 2859 837 2919 donare
858 2860 980 2932 curules,

215 2958 296 3017 ilium
317 2958 489 3017 exercitibus
510 2975 697 3034 praeponere,
718 2967 796 3016 tutor
816 2957 917 3018 haberi

216 3057 355 3134 principis
376 3066 499 3133 augusta
520 3054 701 3132 Caprearum
722 3056 754 3114 in
775 3075 848 3134 rupe
870 3055 999 3117 sedentis

216 3174 284 3215 cum
305 3174 395 3232 grege
417 3153 588 3213 Chaldaeo?
610 3155 652 3214 vis
674 3165 752 3213 certe
773 3155 833 3232 pila
853 3155 1000 3227 cohortes,

216 3254 349 3329 egregios
370 3253 481 3331 equites
502 3262 531 3313 et
552 3262 647 3312 castra
669 3254 849 3313 domestica?
871 3254 974 3331 quidni

217 3351 291 3410 haee
311 3353 433 3429 cupias?
454 3352 554 3429 etqui
575 3352 679 3411 nolunt
700 3352 832 3411 occidere
853 3370 1041 3430 quemquam,

216 3467 304 3527 posse
324 3451 433 3511 volunt.
474 3452 527 3510 sed
549 3469 624 3528 quae
646 3451 795 3528 praeclara
816 3460 845 3509 et
866 3470 1006 3528 prospera
1027 3449 1107 3522 tanti,

217 3556 249 3605 ut
269 3547 356 3606 rebus
377 3548 459 3607 laetis
479 3567 533 3625 par
553 3549 590 3609 sit
610 3567 748 3608 mensura
768 3549 933 3608 malorum?

218 3644 313 3716 huiuS,
334 3646 384 3722 qui
404 3645 533 3718 trahitur,
553 3657 735 3724 praetextam
756 3665 870 3706 sumere
891 3648 991 3718 mavis,

219 3761 258 3801 an
279 3742 455 3801 Fidenarum
477 3743 696 3822 Gabiorumque
718 3763 781 3805 esse
803 3755 933 3821 potestas
983 3735 984 3738 ¹

219 3850 248 3900 et
269 3840 306 3900 de
326 3859 464 3901 mensura
484 3842 528 3902 ius
550 3843 654 3917 dicere,
677 3863 746 3905 vasa
767 3844 880 3904 minora
