2714 4350
443 292 612 346 aarum
637 293 703 349 XV.
724 292 912 360 124-er.
930 297 978 364 15.
1173 300 1233 367 145

185 457 237 516 sed
258 458 317 515 iam
339 465 506 532 serpentum
527 458 621 515 maior
642 457 807 516 concordia.
849 459 939 534 parcit

185 555 318 633 cognatis
339 556 462 614 maculis
484 555 584 614 similis
605 554 673 614 fera.
716 557 835 632 quando
857 557 935 616 leoni
1187 567 1235 616 160

184 655 285 714 fortior
305 655 409 731 eripuit
429 655 518 712 vitam
538 654 605 712 leo?
637 672 697 731 quo
718 672 838 714 nemore
859 674 999 733 umquam
1222 646 1225 653 ’

184 753 338 829 exspiravit
359 771 429 830 aper
449 753 566 811 maioris
587 753 722 812 dentibus
743 755 824 830 apri?

185 852 290 911 Indica
311 853 391 928 tigris
412 853 472 927 agit
495 852 595 910 rabida
616 870 684 910 cum
704 852 806 928 tigride
827 871 933 929 pacem

183 961 362 1028 perpetuam,
384 951 477 1009 saevis
500 952 574 1008 inter
594 968 625 1008 se
646 952 780 1008 convenit
801 951 883 1008 ursis.

184 1059 227 1108 ast
247 1050 359 1108 homini
378 1049 486 1108 ferrum
507 1049 591 1107 letale
612 1047 718 1107 incude
738 1049 865 1108 nefanda
1186 1058 1232 1124 1⁶5

183 1148 355 1224 produxisse
375 1166 478 1224 parum
501 1159 553 1220 est,
576 1166 643 1206 cum
664 1158 755 1206 rastra
777 1159 806 1206 et
827 1149 938 1207 sarcula
959 1159 1072 1207 tanturn

184 1246 296 1305 adsueti
317 1264 443 1323 coquere
465 1256 493 1304 et
513 1248 614 1305 marris
635 1266 670 1305 ac
691 1265 808 1305 vomere
830 1247 897 1306 lassi

183 1345 337 1403 nescierint
357 1346 444 1422 primi
465 1344 577 1420 gladios
599 1344 754 1404 extendere
774 1344 856 1404 fabri.

182 1445 340 1520 aspicimus
361 1443 504 1520 populos,
517 1461 642 1519 quorum
663 1463 724 1503 non
742 1444 845 1503 sufficit
866 1445 926 1502 irae

181 1542 323 1601 occidisse
345 1542 478 1619 aliquem,
502 1541 553 1600 sed
574 1552 692 1620 pectora
713 1543 832 1601 brachia
852 1543 964 1601 vultum

181 1639 354 1698 crediderint
375 1658 468 1716 genus
489 1659 552 1698 esse
573 1640 638 1698 cibi.
681 1640 751 1717 quid
772 1640 880 1699 diceret
901 1659 972 1718 ergo

181 1739 225 1796 vel
247 1757 306 1815 quo
328 1758 388 1797 non
409 1737 528 1814 fugeret,
550 1738 574 1797 si
595 1758 673 1798 nunc
694 1739 767 1798 haec
788 1749 920 1798 monstra
940 1740 1048 1799 videret

182 1837 373 1915 Pythagoras
396 1839 507 1897 cunctis
528 1839 701 1898 animalibus
723 1816 862 1898 abstinuit
879 1841 929 1917 qui

180 1946 329 2014 tamquam
350 1937 468 1996 homine
491 1946 519 1995 et
540 1939 631 1996 ventri
652 1938 771 1996 indulsit
792 1957 852 1997 non
874 1956 962 1997 omne
983 1938 1142 2014 legumen?

652 2266 761 2341 XVI.

179 2456 256 2530 Qurs
276 2474 430 2515 numerare
450 2465 536 2533 queat
558 2445 647 2514 felicis
668 2458 805 2533 praemia,
829 2456 913 2525 Galli,
931 2480 935 2489 ·

178 2556 315 2614 militiae?
348 2575 417 2614 nam
439 2557 462 2614 si
480 2557 639 2614 subeuntur
659 2573 798 2633 prospera
820 2562 920 2626 castra,

177 2672 225 2712 me
246 2654 383 2730 pavidum
405 2656 531 2731 excipiat
552 2655 676 2713 tironem
697 2663 781 2731 porta
804 2654 934 2713 secundo
980 2674 981 2678 ¹

178 2752 280 2812 sidere.
323 2754 388 2830 plus
411 2755 518 2812 etenim
540 2752 590 2812 fati
611 2754 687 2812 valet
708 2753 781 2811 hora
802 2753 931 2828 benigni,

177 2870 267 2928 quam
289 2853 313 2910 si
333 2869 389 2911 nos
410 2850 532 2910 Veneris
553 2851 738 2911 commendet
758 2853 880 2927 epistola
901 2849 990 2909 Marti

177 2959 206 3007 et
228 2949 327 3007 Samia
348 2951 476 3026 genetrix
498 2968 575 3026 quae
596 2950 754 3009 delectatur
775 2949 892 3008 harena.

238 3047 404 3107 Commoda
426 3057 582 3106 tractemus
603 3049 730 3125 primum
753 3049 928 3120 communia,
950 3066 1075 3124 quorum

176 3148 245 3205 haut
266 3147 421 3204 minimum
442 3146 511 3204 illud
533 3148 592 3217 erit,
615 3157 700 3205 nete
722 3147 836 3223 pulsare
859 3155 973 3221 togatus

176 3246 291 3317 audeat,
312 3246 404 3304 immo
426 3246 479 3304 etsi
500 3247 636 3322 pulsetur,
660 3246 821 3317 dissimulet
842 3263 896 3303 nec

176 3345 280 3403 audeat
301 3362 441 3403 excussos
462 3347 587 3420 praetori
610 3344 762 3403 ostendere
784 3344 885 3402 dentes

176 3453 203 3502 et
224 3445 339 3519 nigram
360 3443 390 3500 in
412 3442 485 3501 facie
506 3444 624 3502 tumidis
644 3444 780 3502 livoribus
801 3442 891 3501 offam

175 3551 262 3619 atque
283 3543 404 3601 oculum
425 3543 541 3602 medico
563 3543 603 3600 nil
624 3542 811 3619 promittente
832 3540 970 3599 relictum.

174 3640 334 3699 Bardaicus
356 3640 442 3699 iudex
464 3641 546 3699 datur
568 3640 639 3699 haec
662 3641 764 3717 punire
785 3639 890 3698 volenti

175 3738 291 3797 calceus
312 3748 340 3797 et
360 3739 486 3814 grandes
506 3757 615 3816 magna
637 3740 673 3797 ad
695 3738 830 3797 subsellia
852 3756 942 3808 surae,

173 3837 287 3915 legibus
309 3838 434 3914 antiquis
456 3847 616 3896 castrorum
639 3848 667 3896 et
688 3856 770 3896 more
793 3836 908 3896 Camilli

713 3963 732 4001 K
