2714 4350
204 325 264 391 108
496 333 538 389 D.
560 332 678 388 IUNII
695 331 931 388 IUVENALJS

200 496 335 557 humanis
355 497 467 556 maiora
487 496 573 556 bonis
593 496 758 557 creduntur.
799 495 837 554 ad
858 495 916 555 hoc
938 514 970 555 se

202 597 355 656 Romanus
377 594 541 672 Graiusque
562 604 591 654 et
611 596 753 654 barbarus
774 594 961 673 induperator

201 695 308 755 erexit:
330 712 433 754 causas
454 694 628 752 discriminis
649 704 736 771 atque
755 692 863 753 laboris

201 793 270 853 inde
290 792 399 853 habuit.
440 800 522 851 tanto
543 791 636 850 maior
656 792 752 851 famae
772 791 834 850 sitis
854 800 906 862 est,
929 808 1019 868 quam
1204 815 1250 864 140

202 892 331 964 virtutis3
353 891 418 969 quis
439 891 519 950 enim
538 891 673 950 virtutem
693 889 876 967 amplectitur
896 889 1001 966 ipsam,

203 991 332 1069 praemia
353 991 377 1049 si
397 990 500 1049 tollas?
521 989 645 1067 patriam
665 999 764 1049 tamen
785 988 882 1048 obruit
903 987 973 1048 olim

203 1089 295 1168 gloria
315 1106 477 1166 paucorum
496 1098 527 1148 et
546 1088 641 1147 laudis
660 1088 794 1165 titulique
814 1085 922 1163 cupido

204 1188 317 1248 haesuri
340 1189 417 1247 saxis
438 1189 569 1247 cinerum
590 1187 769 1258 custodibus,
790 1186 829 1245 ad
849 1190 925 1263 quae

204 1286 384 1346 discutienda
399 1285 497 1345 valent
517 1285 619 1346 sterilis
639 1285 718 1345 mala
737 1286 846 1345 robora
865 1284 922 1356 fici,
1206 1308 1248 1357 145

194 1384 442 1473 ¹quandoquidem
462 1384 530 1445 data
551 1394 618 1443 sunt
638 1384 708 1461 ipsis
730 1401 850 1462 quoque
869 1382 928 1442 fata
949 1382 1120 1460 sepulchris.

171 1474 187 1485 ’
203 1483 335 1562 expende
357 1481 563 1554 Hannibalem,
586 1492 656 1559 quot
678 1482 765 1541 libras
785 1482 816 1541 in
837 1480 912 1540 duce
933 1500 1051 1541 summo

204 1583 352 1642 invenies?
372 1582 420 1641 hic
440 1592 493 1655 est,
516 1601 603 1659 quem
626 1600 688 1640 non
709 1581 788 1658 capit
808 1581 909 1640 Africa
929 1580 1038 1641 Mauro

204 1700 343 1761 percussa
363 1682 487 1742 Oceano
507 1681 635 1759 Niloque
656 1680 775 1740 admota
795 1680 912 1756 tepenti,

205 1799 305 1841 rursus
325 1781 365 1841 ad
384 1780 563 1858 Aethiopum
583 1779 711 1858 populos
732 1778 863 1855 altosque
884 1777 1065 1855 elephantos.
1206 1801 1250 1852 150

206 1880 320 1940 additur
339 1879 467 1957 imperiis
488 1878 642 1956 Hispania,
664 1877 846 1955 Pyrenaeum

206 1978 334 2038 transilit.
376 1978 514 2054 opposuit
534 1988 639 2037 natura
658 1978 825 2054 Alpemque
845 1976 1009 2054 nivemque,

206 2078 316 2137 diducit
338 2069 474 2153 scopulos
494 2087 523 2136 et
542 2087 675 2136 montem
697 2077 804 2152 rumpit
824 2085 918 2135 aceto.

206 2176 266 2234 iam
287 2185 365 2234 tenet
386 2175 508 2248 Italiam,
530 2184 630 2234 tamen
650 2175 725 2233 ultra
746 2192 867 2250 pergere
888 2172 988 2233 tendit

204 2272 337 2344 ‘actum'
356 2274 459 2351 inquit,
474 2273 561 2331 ‘nihil
582 2284 634 2343 est,
655 2273 711 2332 nisi
732 2273 834 2332 Poeno
856 2272 945 2330 milite
966 2282 1065 2349 portas
1202 2295 1211 2330 r
1218 2295 1246 2346 55

207 2374 369 2449 frangimus
390 2381 417 2430 et
438 2371 533 2429 media
553 2372 690 2430 vexillum
710 2390 792 2447 pono
814 2368 946 2430 Subura!
1056 2437 1057 2440 Ἴ

209 2490 228 2531 o
249 2469 342 2547 qualis
362 2468 450 2528 facies
470 2478 499 2528 et
519 2469 598 2546 quali
619 2469 707 2545 digna
728 2469 843 2542 tabella,

209 2586 278 2626 curn
299 2565 424 2627 Gaetula
445 2567 550 2626 ducem
570 2577 697 2645 portaret
714 2568 801 2627 belua
822 2568 950 2626 luscum!

209 2667 302 2727 exitus
324 2685 394 2743 ergo
415 2667 480 2744 quis
501 2668 563 2726 est?
584 2685 603 2726 o
624 2667 732 2743 glorial
755 2667 879 2726 vincitur
899 2666 978 2724 idem

209 2784 315 2842 nempe
335 2774 364 2824 et
385 2766 415 2823 in
436 2765 554 2825 exilium
576 2782 717 2841 praeceps
738 2764 811 2842 fugit
832 2775 918 2842 atque
939 2765 979 2824 ibi
999 2781 1127 2842 magnus
1210 2770 1254 2821 160

210 2863 417 2941 mirandusque
439 2863 528 2922 cliens
550 2863 632 2922 sedet
653 2863 691 2921 ad
711 2863 858 2940 praetoria
877 2864 963 2940 regis,

210 2962 304 3022 donec
324 2962 453 3040 Bithyno
474 2960 560 3021 libeat
580 2961 696 3039 vigilare
717 2971 851 3038 tyranno

151 3090 153 3094 ⁷
210 3061 299 3120 finem
319 3062 442 3131 animae,
464 3078 538 3137 quae
559 3078 605 3118 res
625 3060 770 3119 humanas
791 3060 907 3119 miscuit
928 3060 1006 3132 olim,

94 3195 100 3201 -
210 3178 271 3218 non
291 3160 388 3236 gladii,
410 3178 471 3218 non
492 3177 564 3218 saxa
584 3159 695 3217 dabunt
715 3177 770 3219 nec
791 3159 857 3232 tela,
878 3159 930 3218 sed
950 3158 999 3218 ille
1089 3165 1090 3170 ’

212 3256 382 3317 Cannarum
402 3258 510 3317 vindex
531 3267 560 3317 et
580 3258 652 3316 tanti
674 3257 824 3335 sanguinis
844 3258 921 3317 ultor

211 3356 322 3415 anulus.
364 3357 374 3415 i
395 3357 515 3416 demens
535 3365 563 3415 et
584 3374 683 3414 saevas
704 3374 787 3414 curre
807 3375 859 3432 per
880 3356 981 3433 Alpes,

211 3463 243 3511 ut
263 3454 361 3529 pueris
382 3455 500 3532 placeas
520 3465 550 3516 et
571 3455 744 3514 declamatio
765 3454 834 3512 fiasl

212 3569 288 3610 unus
309 3538 424 3611 Pellaeo
444 3553 540 3611 iuveni
561 3572 623 3612 non
643 3553 748 3613 suflicit
769 3552 855 3624 orbiS,

213 3659 324 3708 aestuat
344 3648 444 3709 infelix
464 3661 589 3728 angusto
609 3652 698 3711 limite
718 3651 830 3724 mundi,

213 3757 244 3808 ut
265 3747 355 3825 Gyari
375 3749 491 3808 clausus
512 3749 638 3826 scopulis
659 3769 806 3828 parvaque
828 3745 950 3825 Seripho
960 3768 969 3822 ;

214 3863 282 3904 curn
302 3855 401 3905 tamen
422 3864 440 3905 a
460 3846 557 3924 figulis
578 3848 721 3908 munitam
741 3847 887 3908 intraverit
908 3847 1020 3919 urbem,
