2714 4350
467 296 635 352 sartura
665 297 749 354 vm.
766 302 948 373 215-275.
1162 312 1223 378 103

174 459 289 537 excipit,
311 469 339 519 et
361 459 441 520 solus
461 459 654 538 trepidantem
676 462 802 539 protegit
822 465 935 536 urbem,
1178 490 1224 541 250

174 566 262 635 atque
284 558 359 633 ideo,
381 569 537 636 postquam
558 560 596 618 ad
617 559 754 620 Cimbros
776 572 960 639 stragemque
981 562 1117 623 volabant

174 657 224 733 qui
245 670 407 734 numquam
428 657 581 734 attigerant
602 659 713 717 maiora
734 657 874 718 cadavera
896 661 985 732 corvi,

174 755 281 814 nobilis
302 765 422 814 ornatur
442 753 524 814 lauro
545 754 658 832 collega
680 755 816 815 secunda.

174 853 306 929 plebeiae
326 848 485 913 Deciorum
506 853 630 926 animae,
651 853 765 931 plebeia
786 854 903 913 fuerunt

174 953 315 1011 nomina:
338 971 392 1029 pro
413 953 480 1012 totis
500 952 663 1030 legionibus
684 952 714 1010 hi
734 941 842 1012 tamen'
854 964 883 1012 et
903 972 957 1031 pro

175 1052 312 1110 omnibus
333 1052 446 1110 auxiliis
467 1061 555 1129 atque
575 1051 657 1110 omni
678 1052 756 1128 pube
778 1047 884 1110 Latina

175 1150 321 1209 sufficiunt
341 1149 385 1210 dis
406 1149 525 1209 infernis
546 1159 696 1227 terraeque
716 1150 846 1227 parenti;

174 1248 263 1326 pluris
285 1247 364 1306 enim
385 1245 476 1319 Decii,
498 1265 588 1325 quarn
609 1265 685 1324 quae
707 1257 856 1307 servantur
877 1242 915 1306 ab
935 1247 998 1306 illis.

175 1345 280 1406 ancilla
301 1356 386 1404 natus
406 1347 537 1404 trabeam
558 1354 587 1405 et
608 1345 743 1405 diadema
764 1345 880 1418 Quirini

176 1455 204 1504 et
224 1444 319 1503 fasces
340 1444 445 1503 meruit
466 1460 567 1519 regum
588 1443 706 1502 ultimus
727 1443 774 1502 ille
796 1444 960 1510 bonorumr

176 1543 291 1620 prodita
311 1542 450 1600 laxabant
470 1550 621 1618 portarum
643 1541 768 1600 claustra
790 1542 917 1619 tyrannis

176 1641 310 1701 exulibus
331 1641 448 1699 iuvenes
469 1641 561 1717 ipsius
582 1641 712 1700 consulis
732 1650 761 1700 et
782 1659 857 1719 quos

176 1758 317 1818 magnum
337 1739 446 1816 aliquid
467 1738 555 1797 dubia
575 1757 629 1815 pro
650 1737 779 1798 libertate
801 1740 926 1813 deceret,

176 1838 256 1916 quod
277 1839 427 1896 miraretur
447 1855 514 1896 cum
536 1836 648 1897 Coclite
670 1836 788 1896 Mucius
809 1846 839 1896 et
859 1855 935 1914 quae

176 1937 286 2015 imperii
307 1936 380 1996 fines
403 1935 577 1994 Tiberinum
597 1935 680 2012 virgo
701 1920 817 1995 natavit.

176 2034 290 2095 occulta
312 2034 349 2092 ad
371 2044 468 2111 patres
489 2034 628 2111 produxit
649 2033 770 2093 crimina
792 2050 899 2105 servus,

160 2133 316 2196 matronis
337 2132 497 2208 lugendus3
520 2142 549 2190 at
570 2131 634 2191 illos
656 2132 774 2190 verbera
795 2131 878 2190 iustis
921 2165 923 2169 ·

176 2232 316 2290 adiiciunt
335 2231 439 2308 poenis
460 2239 489 2289 et
509 2231 607 2306 legum
629 2230 723 2307 prima
744 2229 861 2288 securis.

237 2328 322 2388 Malo
343 2339 423 2406 pater
444 2329 495 2398 tibi
516 2330 552 2387 sit
572 2328 733 2401 Thersites,
757 2326 918 2386 dummodo
940 2336 971 2385 tu
993 2325 1032 2385 sis

177 2428 324 2488 Aeacidae
344 2428 445 2487 similis
465 2426 668 2504 Vulcaniaque
689 2444 769 2484 arma
791 2443 935 2502 capessas,

177 2545 265 2606 quam
286 2536 315 2586 te
336 2524 488 2586 Thersitae
509 2525 633 2586 similem
654 2525 796 2602 producat
817 2523 954 2583 Achilles.
1044 2543 1046 2549 ·

177 2638 205 2686 et
225 2637 326 2685 tamen
346 2636 380 2685 ut
400 2625 488 2702 longe
510 2634 624 2702 repetas
646 2624 791 2700 longeque
813 2623 942 2682 revolvas

178 2744 295 2797 nomen,
317 2726 355 2783 ab
376 2723 477 2783 infami
497 2734 616 2800 gentem
639 2721 759 2781 deducis
779 2721 880 2797 asylo:

178 2826 321 2884 maiorum
341 2825 451 2901 primus
472 2822 603 2900 quisquis
624 2820 676 2879 fuit
698 2820 744 2879 ille
764 2829 892 2891 tuorum,

179 2933 225 2982 aut
245 2932 345 3001 pastor
365 2922 417 2982 fuit
438 2931 487 2980 aut
507 2921 578 2980 illud
600 2919 680 2997 quod
700 2919 795 2979 dicere
816 2918 895 2977 nolo.
