2714 4350
485 327 654 383 SATURA
674 328 735 386 Ill.
760 322 920 402 216-285.

180 490 312 551 Corbulo
331 491 379 549 vix
401 491 485 552 ferret
506 502 550 552 tot
570 512 640 554 vasa
661 494 798 570 ingentia,
820 504 863 555 tot
884 513 931 553 res

178 591 333 668 impositas
354 591 450 668 capiti,
471 610 545 669 quas
566 602 647 652 recto
667 593 773 652 vertice
793 603 891 670 portat

178 689 308 748 servulus
329 689 428 748 infelix
450 700 478 750 et
499 708 586 749 cursu
606 690 725 750 ventilat
745 692 853 768 ignem.

178 788 351 848 scinduntur
370 789 485 847 tunicae
506 799 600 847 sartae
620 790 720 861 modo,
741 789 831 866 longa
852 800 984 849 coruscat

178 903 296 945 serraco
315 886 447 945 veniente
468 887 557 958 abice,
578 897 665 963 atque
686 886 777 946 altera
798 888 901 965 pinum

177 982 306 1063 plaustra
325 985 443 1057 vehunt,
464 994 567 1044 nutant
584 984 639 1044 alte
657 984 825 1063 populoque
846 987 1000 1046 minantur.

178 1100 248 1141 nam
269 1083 294 1141 si
314 1084 468 1160 procubuit
489 1083 539 1161 qui
560 1101 631 1142 saxa
652 1082 801 1160 Ligustica
822 1094 918 1161 portat

177 1181 241 1240 axis
262 1191 291 1240 et
311 1200 444 1241 eversum
465 1181 537 1242 fudit
558 1200 645 1258 super
666 1183 784 1258 agmina
805 1192 946 1252 montem,

177 1280 249 1357 quid
270 1290 400 1357 superest
421 1281 457 1339 de
479 1280 669 1357 corporibus?
691 1280 756 1357 quis
777 1282 920 1352 membra,
942 1281 1007 1359 quis
1028 1300 1095 1342 ossa

177 1378 305 1437 invenit?
326 1379 463 1439 obtritum
483 1379 561 1455 vulgi
583 1378 659 1455 perit
679 1397 768 1436 omne
790 1377 914 1438 cadaver

176 1493 259 1536 more
280 1477 403 1537 animae.
445 1478 552 1537 domus
573 1477 682 1536 interea
702 1495 802 1536 secura
823 1477 943 1553 patellas

176 1578 236 1636 iam
256 1577 332 1636 lavat
352 1587 381 1636 et
401 1578 495 1636 bucca
516 1576 646 1638 foculum
667 1575 774 1634 excitat
795 1585 824 1634 et
845 1586 931 1635 sonat
950 1577 1046 1636 unctis

176 1675 323 1752 striglibus
343 1685 373 1735 et
392 1676 482 1752 pleno
503 1675 655 1752 componit
675 1673 764 1744 lintea
784 1684 864 1750 guto.

175 1771 248 1832 haec
268 1773 343 1832 inter
362 1792 469 1851 pueros
490 1774 567 1833 varie
588 1781 790 1850 properantur,
811 1781 841 1830 at
862 1771 908 1830 ille

175 1872 234 1930 iam
255 1872 336 1931 sedet
356 1873 387 1931 in
408 1873 472 1950 ripa
491 1881 672 1948 taetrumque
694 1871 825 1930 novicius
845 1871 942 1931 horret

175 1969 336 2045 porthmea,
358 1988 414 2031 nec
434 1982 532 2049 sperat
552 1971 652 2030 cenosi
673 1969 794 2046 gurgitis
817 1969 917 2027 alnum

175 2067 283 2139 infelix,
304 2088 360 2128 nec
381 2069 470 2128 habet
490 2087 579 2146 quem
599 2068 728 2146 porrigat
748 2085 799 2126 ore
820 2067 963 2126 trientem.

192 2214 195 2220 .
236 2165 363 2244 Respice
383 2186 463 2227 nunc
484 2167 540 2226 alia
561 2186 596 2226 ac
617 2167 729 2226 diversa
750 2164 878 2241 pericula
897 2168 1000 2239 noctiS,

175 2264 256 2341 quod
277 2265 403 2341 spatium
424 2266 506 2327 tectis
527 2265 708 2335 sublimibus,
729 2263 809 2323 unde
830 2265 981 2324 cerebrum

125 2402 128 2408 ι
174 2373 247 2423 testa
267 2363 339 2435 ferit,
361 2364 495 2442 quotiens
516 2364 626 2424 rimosa
646 2374 676 2423 et
697 2373 777 2422 curta
798 2362 930 2424 fenestris

174 2480 242 2521 vasa
263 2463 378 2533 cadant,
400 2472 512 2539 quanto
532 2479 703 2540 percussum
725 2461 855 2539 pondere
876 2462 1001 2539 signent·

174 2571 203 2620 et
223 2561 340 2620 laedant
361 2561 480 2641 silicem.
521 2561 617 2638 possis
638 2561 760 2638 ignavus
781 2560 882 2619 haberi

174 2670 202 2718 et
223 2660 310 2719 subiti
330 2678 416 2720 casus
436 2659 617 2737 inprovidus,
638 2659 677 2718 ad
698 2676 802 2718 cenam
823 2659 847 2717 si

174 2758 323 2817 intestatus
344 2775 411 2817 eas:
436 2757 511 2817 adeo
531 2767 575 2817 tot
595 2757 662 2827 sata,
684 2765 755 2833 quot
775 2756 823 2814 illa

174 2865 260 2916 nocte
281 2865 382 2932 patent
401 2857 500 2934 vigiles
520 2867 549 2916 te
568 2865 768 2933 praetereunte
788 2854 939 2916 fenestrae.
982 2924 984 2928 ι

173 2973 243 3033 ergo
264 2965 350 3032 optes
370 2966 528 3034 votumque
548 2956 624 3015 seras
644 2955 807 3014 miserabile
828 2966 934 3027 tecum,

172 3064 203 3113 ut
223 3055 281 3114 sint
302 3063 456 3114 contentae
477 3055 590 3133 patulas
611 3054 767 3114 defundere
787 3055 893 3146 pelveS,

172 3153 267 3212 ebrius
290 3171 325 3212 ac
347 3154 489 3230 petulans,
511 3155 562 3232 qui
583 3153 695 3212 nullum
714 3153 787 3213 forte
808 3152 920 3224 cecidit,

173 3250 222 3310 dat
241 3270 362 3328 poenas,
383 3262 501 3312 noctem
522 3252 628 3329 patitur
649 3252 774 3328 lugentis
794 3252 923 3311 amicum

173 3346 296 3422 Pelidae,
318 3351 407 3410 cubat
426 3351 457 3409 in
477 3350 591 3423 faciem,
612 3369 684 3410 mox
705 3349 810 3409 deinde
832 3350 960 3426 supinus

175 3441 257 3528 [ergo
279 3466 341 3508 non
362 3449 445 3508 aliter
464 3449 569 3526 poterit
588 3448 735 3508 dormire?
759 3443 948 3528 quibusdam]

174 3561 309 3606 somnum
329 3547 392 3607 rixa
412 3546 490 3608 facit.
531 3547 583 3608 sed
603 3548 736 3625 quamvis
756 3546 908 3624 improbus
929 3547 1014 3605 annis

174 3652 256 3722 atque
277 3664 359 3705 mero
380 3645 492 3705 fervens
512 3656 594 3706 cavet
613 3646 701 3718 hunc,
723 3663 812 3722 quem
832 3645 953 3705 coccina
974 3645 1059 3704 laena

174 3741 252 3801 vitari
271 3744 351 3804 iubet
371 3754 401 3803 et
421 3745 562 3804 comitum
582 3744 771 3821 longissimus
792 3744 874 3815 ordo,

174 3840 293 3902 multum
312 3851 461 3922 praeterea
481 3842 667 3904 flammarum
687 3851 717 3904 et
737 3861 829 3902 aenea
849 3842 980 3920 lampas3
