2714 4350
456 283 624 367 sarona
647 313 709 368 nr.
724 301 863 368 286-112.
882 320 932 386 29.

174 489 309 541 converte
331 498 348 538 a
370 479 487 538 Cumis:
514 486 674 537 saturarum
697 494 761 551 ego,
784 476 815 533 ni
836 475 926 552 pudet
939 475 1017 548 illas,

173 581 289 639 auditor
310 576 420 655 gelidos
440 578 556 636 veniam
576 576 717 654 caligatus
738 575 769 632 in
791 573 894 651 agros!

675 889 741 964 IV.

174 1087 255 1147 Ecca
275 1087 380 1144 iterum
401 1084 560 1159 Crispinus,
582 1092 611 1142 et
631 1094 674 1142 est
696 1083 767 1141 mihi
788 1101 875 1161 saepe
896 1085 1046 1144 vocandus

174 1186 212 1244 ad
233 1192 338 1261 parteS,
359 1183 523 1240 monstrum
545 1181 624 1239 nulla
644 1182 745 1240 virtute
767 1182 951 1260 redemptum

174 1283 297 1353 avitiis,
318 1299 422 1357 aegrae
444 1281 564 1357 solaque
586 1280 705 1339 libidine
726 1280 814 1339 fortes
908 1278 913 1287 ’

175 1381 311 1442 deliciae:
339 1379 440 1438 viduas
460 1389 573 1437 tantum
594 1389 746 1455 spernatur
766 1379 886 1438 adulter.

175 1479 246 1558 quid
266 1477 352 1536 refert
372 1477 467 1554 igitur,
487 1477 602 1554 quantis
624 1478 751 1535 iumenta
772 1476 872 1554 fatiget

174 1577 342 1654 porticibus
365 1587 474 1653 quanta
495 1594 648 1635 nemomm
670 1584 795 1634 vectetur
816 1577 847 1635 in
866 1579 979 1648 umbra,

175 1677 275 1752 iugera
295 1686 367 1753 quot
386 1676 481 1735 vicina
501 1675 574 1746 foro,
596 1692 669 1752 quas
690 1676 790 1733 emerit
810 1675 918 1734 aedes?

178 1771 280 1854 [nemo
301 1775 394 1834 malus
415 1774 491 1845 felix,
513 1774 632 1832 minime
654 1783 804 1849 corruptor
824 1783 852 1832 et
873 1771 964 1856 idem]

176 1875 310 1944 incestus
332 1891 400 1932 curn
421 1890 481 1950 quo
502 1890 596 1948 nuper
616 1872 714 1930 vittata
735 1872 848 1931 iacebat

177 1973 316 2048 sanguine
337 1971 434 2030 adhuc
455 1971 519 2029 vivo
540 1981 647 2029 terram
668 1971 796 2030 subitura
817 1970 973 2030 sacerdos?

177 2071 229 2130 sed
249 2088 329 2128 nunc
350 2069 387 2128 de
408 2068 491 2130 factis
512 2069 737 2128 levioribus-et
758 2079 857 2127 tamen
877 2070 950 2128 alter
1083 2116 1089 2149 ,
1119 2074 1150 2103 ·'

178 2169 201 2226 si
222 2168 336 2227 fecisset
356 2168 443 2240 idem,
465 2169 583 2243 caderet
605 2169 659 2226 sub
681 2169 775 2226 iudice
797 2185 922 2238 morum,
999 2158 1047 2239 ss
1087 2168 1105 2259 ἴῃ
1128 2193 1181 2255 (ὠ

177 2287 245 2326 narn
267 2267 348 2343 quod
368 2276 451 2342 turpe
472 2267 566 2337 bonis,
588 2266 671 2325 Titio
694 2266 829 2343 Seioque,
851 2267 974 2345 decebat
1000 2256 1056 2322 [ru
1096 2268 1110 2285 '·

178 2365 457 2443 Crispinum-quid
478 2383 558 2440 agas,
580 2383 647 2423 curn
669 2365 731 2423 dira
752 2374 781 2423 et
801 2364 915 2425 foedior
936 2367 1017 2425 omni

145 2493 146 2496 ¹
178 2465 297 2522 crimine
318 2481 446 2541 persona
467 2466 530 2522 est?
555 2463 678 2521 mullum
700 2482 752 2522 sex
773 2464 889 2523 milibus
910 2465 987 2536 emit,

179 2571 351 2640 aequantem
372 2580 443 2620 sane
463 2562 580 2638 paribus
601 2562 732 2621 sestertia
752 2561 840 2632 libris,
988 2547 991 2552 ¹

178 2672 208 2719 ut
228 2661 382 2738 perhibent
403 2660 453 2737 qui
474 2660 511 2718 de
533 2661 649 2737 magnis
669 2662 781 2719 maiora
802 2661 968 2737 loquuntur.

156 2761 331 2818 consilium
352 2758 440 2817 laudo
462 2757 586 2829 artificia,
607 2758 632 2816 si
652 2777 772 2817 munere
792 2770 874 2818 tanto
1040 2818 1043 2826 ,

180 2859 365 2934 praecipuam
381 2857 416 2914 *in
438 2856 543 2915 tabulis
565 2874 662 2915 ceram
684 2858 762 2916 senis
783 2857 899 2937 abstulit
919 2858 1000 2930 orbi;
1036 2880 1040 2885 ·

180 2967 222 3014 est
241 2957 316 3015 ratio
336 2956 463 3025 ulterior,
481 2973 606 3032 magnae
628 2956 652 3013 si
673 2956 750 3015 misit
772 2957 892 3026 amicae,

181 3073 254 3131 quae
276 3053 387 3112 vehitur
407 3053 490 3112 cluso
512 3054 575 3112 latis
596 3054 794 3131 specularibus
814 3067 906 3113 antro.

182 3153 219 3210 nil
239 3153 297 3211 tale
318 3162 477 3227 exspectes
500 3152 570 3209 emit
592 3152 655 3210 sibi.
690 3153 782 3210 multa
802 3153 942 3223 videmus,

182 3269 254 3327 quae
274 3251 363 3309 miser
384 3260 413 3308 et
433 3249 508 3326 frugi
529 3269 591 3308 non
613 3250 680 3311 fecit
700 3252 830 3327 Apicius
872 3251 929 3310 hoc
952 3263 991 3321 tu,

183 3350 345 3408 succinctus
364 3349 457 3427 patria
479 3349 638 3426 quondam,
660 3349 801 3426 Crispine,
823 3369 944 3427 papym,

182 3446 236 3507 hoc
256 3447 350 3525 pretio
371 3449 545 3524 squamam?
568 3449 662 3524 potuit
682 3448 803 3507 fortasse
824 3449 945 3507 minoris

174 3545 307 3621 piscator
328 3564 417 3622 quam
438 3545 526 3622 piscis
548 3549 623 3620 emi;
650 3547 799 3624 provincia
819 3548 892 3605 tanti

184 3644 279 3703 vendit
299 3662 395 3721 agros
417 3644 469 3702 sed
490 3646 616 3704 maiores
636 3645 743 3721 Apulia
764 3647 870 3704 vendit.

185 3743 281 3818 quales
302 3752 372 3802 tunc
392 3743 493 3820 epulas
513 3745 610 3819 ipsum
630 3744 760 3821 gluttisse
780 3755 917 3821 putamus

187 3839 427 3918 induperatorem,
450 3860 518 3900 cum
538 3852 583 3919 tot
602 3843 731 3902 sestertia
751 3853 863 3920 partem
