2714 4350
497 293 666 350 sardan
696 295 777 354 Vm.
793 301 890 370 5-74·

165 457 294 520 Blande.
335 469 430 519 tumes
451 457 510 518 alto
531 457 694 518 Drusorum
714 469 875 532 stemmate,
896 471 1047 540 tamquam

165 543 277 618 'feceris
298 558 361 635 ipse
381 557 499 635 aliquid,
522 566 641 635 propter
662 559 743 635 quod
763 559 869 618 nobilis
890 577 977 631 esses,

172 666 205 715 ut
225 665 254 714 te
276 656 442 732 conciperet
463 673 539 733 quae
560 656 702 732 sanguine
723 656 814 734 fulget
834 657 899 730 Iuli,

173 772 235 813 non
256 773 332 832 quae
353 763 475 834 ventoso
496 754 643 813 conducta
664 755 719 814 sub
740 774 846 831 aggere
866 755 946 815 texit.

174 856 244 913 ‘vos
265 852 408 926 humiles,'
429 853 534 929 inquis,
552 853 647 929 ‘vulgi
668 871 737 930 pars
757 854 859 912 ultima
880 855 982 926 nostri,

173 970 300 1029 quorum
321 971 411 1011 nemo
432 961 520 1029 queat
540 952 665 1029 patriam
685 962 847 1011 monstrare
867 955 1016 1028 parentis:

173 1060 219 1110 ast
239 1068 297 1128 ego
319 1048 513 1128 Cecropides!
553 1050 633 1109 vivas
653 1058 682 1109 et
703 1050 830 1127 originis·
842 1050 929 1110 huius

175 1149 284 1226 gaudia
304 1149 395 1226 longa
414 1148 506 1208 ferasl
527 1158 628 1208 tamen
648 1149 708 1207 ima
728 1147 812 1225 plebe
834 1148 979 1221 Quiritem

174 1247 334 1307 facundum
354 1247 501 1322 invenies;
523 1247 597 1306 solet
617 1246 664 1305 hic
686 1246 842 1306 defendere
863 1265 969 1306 causas

174 1345 280 1406 nobilis
300 1345 426 1417 indocti,
447 1345 542 1404 veniet
563 1345 599 1404 de
619 1345 706 1422 plebe
727 1355 838 1420 togata,

174 1445 225 1521 qui
246 1444 315 1504 iuris
335 1443 481 1525 nodos-et
501 1443 602 1520 legum
622 1443 788 1519 aenigmata
808 1443 909 1504 solvat.

174 1543 222 1603 hic
243 1543 316 1621 petit
335 1542 503 1620 Euphraten
525 1543 635 1601 iuvenis
657 1543 816 1620 domitique
837 1542 940 1602 Batavi

175 1642 311 1701 custodes
332 1641 443 1719 aquilas
463 1641 552 1700 armis
573 1640 746 1700 industrius:
768 1650 797 1699 at
819 1651 850 1700 tu

174 1740 216 1799 nil
236 1741 291 1799 nisi
312 1739 491 1818 Cecropides
511 1748 672 1818 truncoque
693 1740 858 1798 simillimus
879 1738 1017 1799 Hermae.

174 1838 255 1898 nullo
276 1840 386 1916 quippe
406 1839 464 1899 alio
484 1839 574 1898 vincis
595 1839 770 1910 discrimine,
792 1855 881 1914 quarn
903 1837 984 1915 quod

174 1937 214 1996 illi
236 1954 434 1996 marmoreum
455 1947 543 2014 caput
564 1946 615 2008 est,
637 1947 687 1996 tua
706 1937 775 1995 vivit
796 1938 904 2012 imago.

176 2035 223 2095 dic
240 2034 320 2108 mihi,
342 2035 527 2095 Teucrorum
547 2037 652 2113 proles,
674 2035 810 2095 animalia
830 2045 911 2094 muta

174 2134 240 2212 quis
260 2152 403 2210 generosa
423 2142 512 2211 putet,
534 2135 589 2193 nisi
610 2134 713 2194 sortia?
735 2152 843 2210 nempe
864 2134 1012 2194 volucrem

175 2234 216 2294 sic
236 2233 391 2292 laudamus
412 2251 528 2311 equum,
549 2233 627 2293 facili
648 2234 696 2293 cui
715 2232 841 2310 plurima
861 2233 960 2310 palma

174 2331 262 2391 fervet
281 2342 311 2391 et
332 2332 456 2393 exsultat
476 2349 567 2392 rauco
587 2332 708 2392 victoria
729 2333 819 2392 circo.

175 2431 282 2491 nobilis
302 2431 359 2502 hic,
380 2448 568 2508 quocumque
589 2431 667 2490 venit
687 2431 724 2490 de
745 2431 885 2509 gramine,
903 2431 995 2492 cuius·

175 2530 253 2590 clara
270 2529 341 2607 fuga
362 2539 430 2589 ante
450 2529 521 2590 alios
542 2538 571 2588 et
590 2530 703 2606 primus
723 2530 754 2588 in
775 2548 900 2614 aequore
920 2529 1031 2607 pulvis;

175 2629 226 2688 sed
246 2629 349 2688 venale
370 2647 462 2706 pecus
482 2627 647 2705 Coryphaei
667 2629 820 2706 posteritas
840 2623 870 2687 et

176 2727 304 2805 Hirpini,
328 2727 353 2786 si
373 2745 438 2786 rara
457 2727 528 2804 iugo
549 2726 680 2786 Victoria
702 2727 783 2786 sedit.

176 2826 215 2886 nil
235 2827 277 2885 ibi
297 2826 443 2885 maiorum
464 2835 622 2904 respectus,
644 2827 735 2903 gratia
756 2825 836 2885 nulla

175 2925 366 2999 umbrarum3
388 2925 525 2984 dominos
546 2923 643 3001 pretiis
663 2933 776 2985 mutare
797 2925 932 2985 iubentur

176 3023 296 3101 exiguis,
318 3023 383 3082 trito
405 3023 517 3082 ducunt
537 3022 665 3101 epiredia
687 3022 763 3082 eollo

178 3121 351 3199 segnipedes
373 3121 511 3199 dignique
532 3121 643 3180 molam
664 3138 777 3180 versare
797 3119 930 3198 Nepotis

178 3239 248 3298 ergo
269 3229 302 3279 ut
321 3220 460 3280 miremur
480 3229 517 3293 tc,
540 3238 602 3279 non
622 3229 680 3292 tua,
700 3219 812 3296 privum
834 3219 944 3295 aliquid
966 3214 1012 3290 da,

179 3320 259 3398 quod
279 3320 391 3398 possim
411 3318 498 3378 titulis
518 3318 647 3378 incidere
667 3328 782 3396 praeter
802 3316 939 3391 honores,

179 3437 251 3498 quos
272 3419 327 3477 illis
348 3418 452 3478 damus
472 3435 508 3477 ac
529 3416 673 3491 dedimus,
696 3416 801 3496 quibus
822 3415 921 3475 omnia
943 3416 1040 3476 debes.

238 3518 326 3578 Haec
347 3517 416 3577 satis
437 3516 477 3576 ad
496 3517 639 3588 iuvenem,
662 3534 751 3594 quem
771 3515 858 3574 nobis
879 3513 957 3573 fama
979 3515 1138 3592 superbum

181 3615 263 3676 tradit
283 3625 313 3674 et
333 3615 465 3677 inflatum
486 3615 664 3693 plenumque
686 3613 806 3672 Nerone
826 3613 1003 3690 propinquo

182 3729 259 3774 rarus
279 3714 360 3775 enim
380 3715 471 3774 ferme
492 3731 595 3774 sensus
615 3712 782 3773 communis
802 3712 833 3772 in
854 3712 902 3772 illa

185 3809 312 3886 iortuna;
335 3813 388 3874 sed
409 3823 438 3873 te
459 3812 570 3874 censeri
590 3811 676 3871 laude
697 3828 822 3883 tuorum,

695 3938 714 3981 G
