2714 4350
183 331 243 391 142
494 319 534 376 o.
557 321 674 376 Juurr
691 321 929 377 JWENALJS

142 562 148 576 ι
180 488 268 546 saevit
289 486 368 545 nuda
389 504 501 545 manus.
543 504 654 563 paucae
675 487 737 546 sine
757 487 875 545 vulnere
896 485 997 559 malae,

179 587 227 644 vix
249 587 385 663 cuiquam
406 595 461 644 aut
477 585 547 643 nulli
568 595 629 645 toto
650 586 806 644 certamine
828 604 917 645 nasus

178 686 299 762 integer,
321 686 465 762 aspiceres
486 684 545 742 iam
565 694 670 743 cuncta
689 704 741 761 per
762 686 880 761 agmina
901 684 995 743 vultus

179 784 324 854 dimidios,
347 782 417 841 alias
438 781 527 841 facies
547 790 576 839 et
596 781 705 840 hiantia
725 783 815 859 ruptis

180 901 247 952 ossa
267 881 359 958 genis,
381 880 484 957 plenos
505 879 658 938 oculorum
680 881 822 956 sanguine
842 898 968 957 pugnos.

178 981 278 1040 ludere
300 998 331 1038 se
353 978 473 1038 credunt
493 978 546 1054 ipsi
568 988 668 1037 tamen
689 989 717 1037 et
737 979 859 1055 pueriles

179 1096 314 1137 exercere
335 1077 421 1147 acies,
443 1075 523 1153 quod
544 1076 623 1134 nulla
644 1076 785 1135 cadavera
807 1077 928 1136 calcent.

179 1188 207 1236 et
228 1195 298 1235 sane
320 1194 379 1252 quo
399 1184 442 1234 tot
463 1175 580 1232 rixantis
602 1174 679 1233 milia
700 1177 810 1246 turbae,

179 1277 202 1335 si
224 1277 320 1333 vivunt
341 1275 465 1333 omnes?
487 1291 558 1349 ergo
580 1274 673 1333 acrior
692 1274 825 1352 impetus,
847 1285 876 1334 et
895 1276 960 1334 iam-

179 1394 250 1435 saxa
271 1373 415 1433 inclinatis
435 1391 488 1448 per
508 1372 631 1430 humum
651 1373 781 1449 quaesita
800 1373 914 1433 lacertis

179 1474 318 1551 incipiunt
339 1482 482 1547 torquere,
506 1471 665 1530 domestica
687 1472 822 1531 seditioni

179 1573 244 1643 tela,
266 1590 321 1630 nec
341 1571 420 1628 hunc
441 1569 567 1646 lapidem
589 1570 682 1646 qualis
702 1581 731 1629 et
752 1570 871 1629 Turnus
892 1579 921 1629 et
941 1570 1027 1642 Aiax,
1120 1552 1122 1555 ’

180 1671 223 1730 vel
244 1689 304 1748 quo
327 1668 458 1746 Tydides
478 1669 620 1745 percussit
640 1669 770 1746 pondere
792 1687 897 1729 coxam

179 1773 306 1840 Aeneae,
327 1764 379 1826 sed
401 1785 490 1843 quem
511 1766 625 1826 valeant
645 1770 775 1826 emittere
797 1755 914 1827 dextrae

179 1869 234 1927 illis
255 1866 407 1925 dissimiles
428 1875 457 1924 et
478 1874 578 1926 nostro
600 1875 729 1942 tempore
751 1876 845 1924 natae.

179 1986 248 2026 nam
269 1984 362 2043 genus
383 1965 439 2024 hoc
460 1965 526 2024 vivo
546 1964 604 2021 iam
626 1963 810 2023 decrescebat
832 1963 983 2037 Homero;

179 2078 254 2125 terra
275 2065 368 2122 malos
390 2064 526 2121 homines
547 2080 626 2121 nunc
647 2061 751 2121 educat
772 2074 859 2139 atque
879 2062 1009 2139 pusillos.

179 2183 249 2241 ergo
270 2163 351 2233 deus,
373 2162 550 2239 quicumque
572 2162 691 2238 aspexit,
713 2161 785 2220 ridet
806 2171 835 2219 et
855 2161 927 2220 odit.

241 2262 269 2319 Α
291 2260 465 2320 deverticulo
485 2269 630 2337 repetatur
650 2259 754 2319 sabula.
796 2269 962 2336 postquam,

179 2361 313 2434 subsidiis
334 2359 426 2429 aucti,
440 2377 508 2435 pars
530 2358 619 2416 altera
639 2377 773 2435 promere
794 2358 900 2417 sermm

179 2459 265 2518 audet
287 2468 316 2517 et
337 2457 447 2515 infestis
467 2475 599 2534 pugnam
622 2457 779 2516 instaurare
802 2458 929 2533 sagittis:

176 2570 258 2633 terga
279 2557 348 2632 fuga
369 2555 455 2614 celeri
476 2563 622 2632 praestant
642 2555 814 2614 instantibus
836 2555 941 2615 Ombis

179 2658 228 2735 qui
248 2656 344 2715 vicina
365 2654 464 2713 colunt
485 2654 640 2712 umbrosae
662 2654 792 2730 Tentyra
813 2654 939 2730 palmae.

177 2757 280 2816 labitur
300 2754 368 2812 hinc
390 2751 509 2831 quidam
531 2752 620 2810 nimia
640 2753 795 2810 formidine
817 2771 935 2811 cursum

177 2854 380 2934 praecipitans,
403 2852 580 2928 capiturque.
624 2861 668 2908 ast
689 2849 821 2909 illumin
842 2852 967 2928 plurima
979 2864 1104 2914 sectum

175 2956 265 3013 frusta
285 2963 314 3011 et
334 2950 496 3030 particulas
517 2960 549 3008 ut
569 2950 666 3008 multis
687 2960 818 3009 mortuus
839 2968 917 3008 unus

176 3055 327 3123 sufficeret,
349 3060 443 3108 totum
464 3049 589 3108 corrosis
610 3050 726 3107 ossibus
746 3049 804 3107 edit

175 3152 277 3210 victrix
297 3149 389 3218 turba,
410 3166 465 3206 nec
487 3147 600 3205 ardenti
621 3147 736 3207 decoxit
759 3165 834 3206 aeno

175 3259 225 3309 aut
245 3250 360 3306 veribus
371 3266 380 3320 ;
402 3247 525 3323 longum
545 3265 639 3323 usque
660 3247 735 3305 adeo
756 3248 929 3326 tardumque
949 3250 1061 3327 putavit

175 3355 328 3423 expectare
347 3345 439 3415 socos,
460 3354 597 3402 contenta
618 3346 756 3404 cadavere
778 3346 879 3405 crudo.

175 3445 222 3502 hic
243 3443 369 3518 gaudere
390 3443 468 3512 libet,
490 3443 571 3519 quod
592 3461 653 3501 non
674 3445 822 3503 violaverit
842 3445 950 3520 ignem,

175 3559 264 3616 quem
286 3558 400 3599 summa
421 3541 494 3599 caeli
515 3552 631 3618 raptum
653 3544 688 3601 de
710 3553 790 3619 parte
812 3543 1004 3603 Prometheus
1189 3553 1216 3615 85

174 3637 293 3696 donavit
313 3638 404 3698 terris.
446 3638 593 3697 elemento
613 3641 742 3715 gratulor
763 3650 790 3700 et
811 3651 840 3700 te

173 3734 303 3793 exultare
324 3754 397 3794 reor.
439 3735 491 3795 sed
512 3739 562 3814 qui
582 3740 716 3798 mordere
738 3740 860 3799 cadaver

174 3831 317 3906 sustinuit,
339 3835 379 3891 nil
400 3852 540 3912 umquam
561 3836 618 3896 hac
639 3856 725 3897 came
746 3838 880 3898 libentius
901 3838 968 3898 edit.
