2714 4350
176 327 235 390 128
464 330 522 406 ‚n
545 329 663 385 ronrr
678 328 913 384 [orannim
1015 411 1018 417 ι

174 495 311 573 Neptuni,
333 496 382 573 qui
401 495 574 554 bratteolam
595 494 631 553 de
652 494 774 553 Castore
796 494 882 553 ducat
892 513 901 566 ;

174 613 212 653 an
233 595 363 653 dubitet?
386 595 528 654 solitumst
545 603 641 652 toturn
662 592 790 651 conflare
809 601 969 653 tonantem.

173 693 274 752 confer
294 703 322 752 et
343 693 464 752 artifices
485 703 735 768 mercatoremque
755 690 860 750 veneni

174 802 202 850 et
223 792 425 851 deducendum
447 793 528 850 corio
549 791 629 850 bovis
650 791 680 848 in
701 808 790 862 mare,
811 808 880 849 cum
901 808 960 866 quo

173 890 313 949 clauditur
333 889 457 949 adversis
477 889 597 948 innoxia
616 889 699 948 sinna
719 888 791 947 fatis.

173 988 244 1046 haec
265 997 355 1064 quota
371 1006 438 1064 pars
459 987 606 1056 scelerum,
628 1004 703 1063 quae
723 995 819 1045 custos
841 985 971 1045 Gallicus
990 987 1072 1045 urbis

173 1103 266 1164 usque
287 1106 305 1146 a
325 1086 443 1146 lucifero
464 1085 557 1144 donec
577 1086 627 1144 lux
648 1085 762 1144 occidat
782 1085 880 1143 audit?

173 1186 293 1244 humani
314 1187 428 1262 generis
448 1203 543 1244 mores
564 1185 616 1242 tibi
636 1202 722 1243 nosse
742 1183 851 1243 volenti

173 1285 276 1343 sufficit
293 1303 355 1344 una
376 1284 501 1356 domus3
523 1300 634 1359 paucos
656 1301 796 1342 consume
817 1283 887 1354 dieo,
909 1293 937 1342 et

174 1384 270 1442 dicere
290 1393 318 1441 te
339 1383 486 1451 miserum,
508 1391 665 1458 postquam
685 1380 762 1439 illinc
782 1382 903 1450 veneris,
925 1381 1008 1440 aude.

174 1484 239 1559 quis
259 1481 403 1540 tumidum
423 1489 520 1556 guttur
540 1481 660 1538 miratur
680 1480 711 1537 in
731 1479 875 1556 Alpibus?
900 1489 951 1538 aut
971 1481 1036 1557 quis

174 1583 204 1640 in
225 1580 328 1639 Meroe
349 1597 448 1638 crasso
469 1579 610 1638 maiorem
631 1578 739 1657 infante
760 1578 939 1637 mamillam?

175 1680 288 1740 caerula
309 1679 374 1755 quis
395 1677 503 1755 stupuit
523 1677 663 1737 Germani
683 1678 803 1749 lumina,
824 1667 936 1736 flavam

175 1779 332 1838 caesariem
353 1787 381 1836 et
401 1777 521 1835 madido
542 1785 726 1851 torquentem
747 1795 857 1836 cornua
877 1775 972 1836 cirro?
1056 1773 1060 1780 '

174 1895 280 1954 nempe
301 1875 381 1953 quod
401 1874 474 1933 haec
495 1874 548 1932 illis
569 1883 672 1934 natura
693 1885 737 1933 est
757 1875 893 1934 omnibus
913 1894 980 1934 una.

174 1977 211 2035 ad
234 1975 342 2034 subitas
363 1973 513 2054 Thracum
533 1973 664 2032 volucres
685 1974 852 2049 nubemque
874 1989 1013 2031 sonoram

175 2076 339 2150 Pygmaeus
360 2074 455 2149 parvis
476 2073 562 2132 currit
583 2071 702 2131 bellator
722 2073 753 2129 in
773 2072 868 2142 armis,

175 2191 245 2232 mox
266 2175 359 2249 impar
379 2170 456 2230 hosti
476 2183 633 2249 raptusque
655 2189 707 2248 per
727 2189 795 2230 aera
815 2170 907 2228 curvis

174 2271 321 2347 unguibus
342 2288 361 2327 a
381 2288 465 2328 saeva
485 2268 572 2329 fertur
592 2287 671 2346 grue.
693 2269 717 2328 si
736 2270 834 2327 videas
855 2267 914 2328 hoc

175 2370 310 2444 gentibus
331 2369 362 2425 in
382 2369 495 2438 nostris,
516 2369 574 2427 risu
596 2367 724 2446 quatiare
735 2387 742 2439 ;
765 2367 816 2427 sed
836 2367 903 2438 illic,

175 2484 355 2543 quamquam
376 2465 479 2524 eadem
499 2466 614 2524 assidue
636 2475 800 2542 spectentur
820 2464 938 2542 proelia,
959 2464 1032 2524 ridet

175 2582 272 2636 nemo,
293 2565 344 2622 ubi
364 2572 424 2622 tota
444 2562 550 2622 cohors
571 2564 645 2641 pede
666 2582 728 2623 non
748 2573 792 2622 est
812 2563 895 2621 altior
917 2581 987 2622 uno.

236 2662 362 2722 Nullane
382 2663 489 2738 periuri
509 2664 611 2740 capitis
630 2663 798 2740 fraudisque
818 2662 961 2721 nefandae

175 2781 273 2840 poena
294 2761 558 2837 criti-abreptum
580 2761 664 2820 crede
686 2761 764 2819 hunc
786 2762 917 2837 graviore
938 2770 1043 2820 catena

175 2862 307 2938 protinus
327 2870 356 2919 et
376 2859 587 2935 nostro-quid
607 2860 673 2936 plus
694 2860 760 2917 velit
780 2860 821 2917 ira
829 2859 979 2917 l-necari

175 2961 293 3019 arbitrio
300 2978 308 3032 ;
330 2969 430 3017 manet
450 2959 497 3017 illa
517 2967 616 3017 tamen
637 2959 755 3029 iactura,
777 2977 832 3017 nec
853 2974 994 3035 umquam

163 3059 341 3135 depositum
361 3058 412 3117 tibi
433 3076 534 3135 sospes
555 3060 616 3131 erit,
638 3057 691 3116 sed
712 3076 833 3133 corpore
854 3066 958 3116 trunco

174 3158 316 3216 invidiosa
338 3156 416 3215 dabit
435 3157 573 3215 minimus
594 3157 703 3215 solacia
724 3156 849 3232 sanguis.

175 3260 220 3312 ‘at
240 3256 366 3314 vindicta
386 3256 497 3314 bonum
517 3257 574 3313 vita
595 3255 746 3313 iucundius
767 3255 847 3331 ipsa!

175 3370 281 3429 nempe
303 3352 360 3411 hoc
380 3353 497 3426 indocti,
520 3372 645 3431 quorum
667 3354 836 3430 praecordia
856 3353 941 3412 nullis

175 3451 320 3509 interdum
340 3460 390 3510 aut
409 3452 518 3511 levibus
539 3453 646 3516 videas,
659 3452 810 3529 flagrantia
830 3452 942 3511 causis:

176 3544 453 3628 [quantulacumque
474 3550 548 3610 adeo
568 3561 612 3610 est
631 3551 758 3622 occasio,
778 3551 882 3610 sufficit
901 3547 982 3632 irae]

176 3646 358 3722 Chrysippus
378 3665 440 3704 non
461 3647 537 3707 dicet
556 3647 635 3707 idem
655 3667 710 3707 nec
731 3648 800 3706 mite
821 3647 952 3706 Thaletis

174 3746 324 3821 ingenium
345 3745 479 3822 dulcique
501 3765 590 3806 senex
611 3747 723 3807 vicinus
745 3747 896 3822 Hymetto

175 3848 224 3924 qui
245 3857 357 3924 partem
378 3858 516 3925 acceptae
537 3868 622 3909 saeva
642 3851 716 3909 inter
736 3849 830 3908 vincla
848 3849 960 3908 cicutae
