2714 4350
175 339 236 388 112
483 327 524 383 D.
545 326 665 383 IUNII
682 327 919 384 IUVENALIS

173 494 319 567 vicerunt;
341 492 427 570 igitur
447 491 563 551 fortuna
584 491 674 569 ipsius
694 501 724 552 et
743 492 824 550 urbis
899 507 901 511 ·

173 602 318 653 servatum
338 592 417 651 victo
439 601 527 668 caput
547 591 674 650 abstulit.
715 590 773 650 hoc
795 590 924 651 cruciatu

173 689 321 762 Lentulus,
342 690 398 749 hac
419 706 515 766 poena
535 690 627 749 caruit
647 689 809 769 ceciditque
830 688 977 768 Cethegus

172 789 292 864 integer,
313 798 342 847 et
362 788 449 847 iacuit
470 787 596 847 Catilina
616 787 755 848 cadavere
775 797 846 849 toto.

149 926 150 930 ,
235 878 375 945 Formam
395 895 477 964 optat
497 886 617 946 modico
637 887 743 963 pueris,
764 887 874 946 maiore
894 887 999 964 puellis

174 1004 329 1058 murmure,
351 1003 420 1045 cum
440 984 564 1045 Veneris
584 984 686 1044 lanum
706 985 791 1058 videt,
813 987 902 1045 anxia
922 997 1017 1046 mater

173 1102 266 1163 usque
287 1084 325 1143 ad
346 1083 463 1143 delicias
483 1092 625 1143 votorum.
668 1089 737 1145 ‘cur
757 1084 874 1156 tamen‚'
896 1086 999 1164 inquit,

174 1184 353 1261 ‘corripiasi
374 1181 497 1260 pulchra
517 1183 624 1259 gaudet
644 1181 759 1243 Latona
779 1183 894 1244 Diana?

174 1282 226 1342 sed
247 1291 324 1341 vetat
344 1281 439 1358 optari
460 1280 565 1340 faciem
587 1281 730 1353 Lucretia,
751 1283 868 1359 qualem

173 1381 238 1458 ipsa
258 1379 367 1451 habuit,
389 1388 508 1456 cuperet
529 1379 644 1439 Rutilae
665 1379 805 1457 Verginia
825 1382 948 1458 gibbum

173 1480 305 1557 accipere
326 1488 414 1555 atque
435 1496 519 1538 suam
540 1477 657 1537 Rutilae
678 1479 755 1539 dare.
798 1481 872 1539 filius
893 1491 990 1540 autem

174 1578 305 1655 corporis
326 1577 434 1654 egregii
455 1577 577 1639 miseros
598 1578 788 1656 trepidosque
808 1589 944 1656 parentes

175 1696 289 1755 semper
309 1677 414 1748 habet3
436 1695 501 1735 rara
521 1687 565 1736 est
585 1676 660 1737 adeo
681 1676 842 1736 concordia
862 1677 975 1737 formae

174 1786 262 1852 atque
282 1775 447 1853 pudicitiae.
489 1783 606 1835 sanctos
627 1775 693 1834 licet
713 1774 829 1834 horrida
849 1793 946 1836 mores

174 1873 322 1933 tradiderit
342 1873 448 1933 domus
468 1892 503 1933 ac
523 1883 633 1933 veteres
654 1873 764 1932 imitata
785 1873 919 1947 Sabinos,

174 1982 325 2049 praeterea
345 1983 457 2032 castum
477 1973 627 2050 ingenium
647 1972 815 2051 vultumque
836 1973 971 2034 modesto

175 2071 316 2148 sanguine
336 2070 493 2131 ferventem
514 2072 619 2131 tribuat
639 2081 742 2131 natura
762 2071 889 2149 benigna

176 2168 256 2246 larga
275 2169 479 2248 manu—quid
499 2171 578 2229 enim
598 2187 689 2248 puero
710 2169 840 2230 conferre
862 2180 957 2248 potest
977 2169 1044 2247 plus

176 2268 297 2326 custode
318 2277 347 2327 et
367 2285 437 2326 cura
457 2278 561 2327 natura
581 2269 727 2346 potentior
748 2270 891 2328 omni?-

176 2382 238 2424 non
259 2365 325 2424 licet
344 2384 409 2425 esse
430 2366 508 2450 vir03
531 2385 600 2426 nam
621 2367 746 2446 prodiga
767 2368 943 2444 corruptoris

175 2465 345 2543 improbitas
366 2466 445 2542 ipsos
466 2465 553 2525 audet
573 2475 716 2544 temptare
736 2477 879 2544 parentes.

177 2564 247 2625 ‘sed
267 2575 347 2624 casto
368 2564 439 2643 quid
459 2564 553 2624 forma
574 2566 696 2624 nocet?¹
720 2566 791 2644 quid
811 2564 921 2643 proluit
939 2566 1032 2625 immo

177 2663 341 2741 Hippolyto
363 2681 450 2740 grave
471 2663 663 2741 propositum,
685 2664 756 2742 quid
777 2663 1018 2742 Bellerophonti?

177 2763 291 2823 erubuit
311 2780 418 2839 nempe
440 2762 495 2821 hac
516 2781 570 2821 ceu
590 2762 718 2822 fastidita
741 2762 856 2839 repulsa

176 2881 231 2922 nec
254 2860 437 2920 Stheneboea
456 2861 553 2919 minus
574 2878 664 2939 quam
686 2860 792 2920 Cressa
811 2859 976 2931 excanduit,
998 2869 1080 2920 etse
1179 2919 1180 2922 ,

93 2985 99 2996 ·
177 2977 351 3019 concussere
373 2959 486 3026 ambae.
526 2958 629 3018 mulier
650 2959 817 3018 saevissima
836 2968 906 3018 tunc
927 2966 980 3030 est,

177 3077 244 3117 cum
266 3057 397 3118 stimulos
418 3057 488 3116 odio
509 3056 604 3134 pudor
624 3056 770 3117 admovet.
812 3057 896 3133 elige,
919 3057 1062 3134 quidnam
1085 3053 1088 3059 ’

177 3157 360 3218 suadendum
380 3173 443 3216 esse
464 3165 558 3233 putes,
579 3156 628 3216 cui
649 3156 759 3215 nubere
780 3156 912 3233 Caesaris
933 3175 1007 3216 uxor

178 3256 310 3316 destinat.
354 3256 481 3333 optimus
501 3254 548 3314 hic
568 3265 597 3315 et
617 3255 843 3315 formosissimus
863 3255 941 3314 idem

178 3355 274 3432 gentis
294 3355 430 3431 patriciae
450 3355 559 3432 rapitur
579 3354 668 3414 miser
687 3353 917 3430 exstinguendus

86 3451 88 3455 ’
178 3451 353 3512 Messalinae
374 3452 484 3524 oculis;
506 3452 618 3511 dudum
638 3452 721 3512 sedet
740 3452 789 3511 illa
809 3461 913 3529 parato

179 3548 347 3609 flammeolo
366 3549 530 3628 Tyriusque
551 3550 649 3628 palam
669 3549 790 3628 genialis
809 3550 840 3609 in
860 3550 951 3610 hortis

180 3648 323 3720 sternitur,
344 3656 374 3707 et
392 3648 449 3707 ritu
470 3649 566 3708 decies
587 3660 711 3709 centena
731 3649 876 3709 dabuntur

180 3744 309 3823 antiquo,
329 3745 425 3805 veniet
445 3764 513 3805 cum
534 3748 730 3824 signatoribus
751 3765 870 3825 auspex.

181 3842 254 3904 haec
275 3852 306 3904 tu
327 3855 438 3904 secreta
457 3854 487 3906 et
507 3846 608 3923 paucis
628 3845 785 3907 commissa
805 3847 951 3924 putabas?
