2714 4350
507 304 688 360 -sArunA
718 271 885 364 ura-81.

178 469 303 529 siccabis
324 467 445 527 calicem
467 486 602 528 nasorum
623 479 759 546 quattuor
780 489 815 529 ac
836 470 895 529 iam

179 577 350 646 quassatum
371 576 400 625 et
420 576 506 643 rupto
527 578 699 644 poscentem
722 568 841 645 sulpura
861 569 941 629 vitro.

178 667 201 724 si
223 665 392 726 stomachus
414 665 524 723 domini
545 665 635 724 fervet
654 667 780 744 vinoque
801 667 933 743 ciboque,

177 764 309 841 frigidior
330 763 440 823 Geticis
461 764 566 840 petitur
587 765 708 824 decocta
729 765 855 840 pruinis:

180 857 255 942 [non
276 861 381 921 eadem
402 862 485 920 vobis
506 863 578 938 poni
598 862 692 921 modo
710 863 776 921 vina
796 864 938 938 querebar
945 859 970 944 l]

177 979 229 1020 vos
250 960 339 1019 aliam
359 960 466 1037 potatis
486 978 604 1038 aquam.
643 960 695 1019 tibi
716 962 822 1037 pocula
843 980 943 1020 cursor

178 1058 319 1138 Gaetulus
339 1058 420 1118 dabit
440 1067 489 1116 aut
509 1059 586 1135 nigri
607 1078 714 1117 manus
735 1078 820 1118 ossea
842 1059 939 1118 Mauri

176 1169 204 1216 et
225 1158 273 1216 cui
293 1176 345 1234 per
365 1157 493 1216 mediam
514 1157 589 1216 nolis
610 1176 760 1216 occurrere
781 1168 907 1229 noctem,

177 1256 302 1315 clivosae
323 1255 432 1314 veheris
453 1255 525 1313 dum
546 1273 598 1331 per
619 1264 810 1314 monumenta
831 1254 968 1316 Latinae:

176 1354 231 1413 flos
251 1354 339 1412 Asiae
360 1363 428 1412 ante
448 1354 545 1430 ipsum
566 1355 660 1430 pretio
681 1354 790 1413 maiore
811 1365 937 1430 paratus

176 1471 265 1529 quam
287 1452 340 1510 fuit
361 1462 389 1511 et
407 1452 487 1510 Tulli
508 1469 612 1510 census
634 1453 776 1528 pugnacis
797 1464 825 1511 et
845 1453 922 1511 Anci

175 1563 210 1622 et,
233 1570 271 1610 ne
292 1561 320 1609 te
341 1561 467 1622 teneam,
488 1549 693 1609 Romanorum
710 1551 816 1608 ,omnia
834 1570 937 1628 regum

175 1648 284 1709 frivola.
327 1647 408 1726 quod
429 1666 498 1718 cum
518 1649 558 1706 ita
579 1649 624 1720 sit,
644 1656 676 1705 tu
697 1645 853 1706 Gaetulum
875 1649 1078 1725 Ganymedem

175 1747 296 1824 respice,
318 1765 387 1805 cum
408 1746 495 1804 sities.
536 1747 628 1804 nescit
649 1756 692 1804 tot
712 1746 829 1804 milibus
850 1756 966 1823 emptus

174 1846 352 1922 pauperibus
372 1845 494 1904 miscere
514 1863 604 1920 puer:
634 1845 687 1904 sed
703 1844 804 1915 forma,
822 1845 874 1903 sed
895 1857 974 1905 aetas

174 1943 264 2020 digna
286 1927 458 2020 supercilio¹
476 1933 596 2019 quando
617 1943 654 2001 ad
675 1954 703 2001 te
724 1943 853 2020 pervenit
874 1944 939 2002 ille?

175 2043 294 2120 quando
315 2053 434 2118 rogatus
455 2042 538 2101 adest
558 2043 669 2102 calidae
689 2042 860 2118 gelidaeque
882 2044 1031 2105 minister?

174 2143 281 2218 quippe
303 2141 473 2218 indignatur
492 2141 579 2200 veteri
600 2160 702 2219 parere
724 2141 828 2215 clienti,

174 2241 313 2318 quodque
334 2239 443 2316 aliquid
463 2257 578 2316 poscas
600 2250 629 2298 et
650 2239 731 2318 quod
752 2258 783 2297 se
804 2249 897 2300 stante
918 2245 1080 2304 recumbas,

175 2336 318 2422 [maxima
339 2356 473 2417 quaeque
494 2337 599 2396 domus
620 2339 707 2397 servis
728 2350 771 2397 est
791 2340 877 2416 plena
899 2339 1050 2424 superbis]

173 2458 242 2499 ecce
264 2438 338 2496 alius
360 2447 470 2514 quanto
492 2437 621 2512 porrexit
641 2455 790 2496 murmure
811 2457 920 2514 panem

173 2539 219 2596 vix
241 2537 373 2606 fractum,
395 2535 504 2594 solidae
525 2536 583 2592 iam
604 2536 722 2594 mucida
743 2535 832 2594 frusta
853 2536 962 2598 farinae

174 2656 248 2714 quae
269 2636 431 2713 genuinum
452 2635 570 2711 agitent,
592 2652 654 2692 non
676 2635 856 2693 admittentia
876 2655 1025 2696 morsum:

174 2736 223 2795 sed
244 2744 375 2794 teneret
396 2733 497 2790 niveus
518 2731 656 2808 mollique
678 2732 790 2808 siligine
811 2733 904 2792 lactus

173 2844 301 2894 servatur
322 2832 451 2891 domino.
487 2831 619 2890 dextram
640 2831 775 2890 cohibere
796 2842 953 2905 mement0,

174 2933 250 2990 salva
272 2932 308 2989 sit
329 2939 460 3006 artoptae
481 2930 648 2989 reverentia.
684 2929 762 3005 finge
784 2940 932 2990 tamenta

173 3029 368 3109 inprobulum‚
387 3038 519 3105 superest
539 3028 596 3086 illic
618 3028 668 3105 qui
690 3047 800 3105 ponere
822 3040 927 3106 cogat:

174 3130 231 3188 ‘vis
252 3139 285 3187 tu
306 3127 453 3187 consuetis
474 3125 570 3184 audax
593 3126 714 3184 conviva
736 3128 867 3186 canistris

173 3228 284 3304 impleri
304 3226 448 3303 panisque
469 3224 511 3282 tui
531 3225 646 3284 novisse
667 3223 829 3284 coloremi'

175 3326 307 3386 “scilicet
328 3323 384 3383 hoc
405 3322 507 3395 luerat,
530 3325 648 3399 propter
669 3322 749 3399 quod
770 3341 858 3400 saepe
879 3323 978 3382 relicta

174 3425 295 3500 coniuge
316 3440 369 3499 per
389 3431 521 3480 montem
541 3421 694 3479 adversum
715 3421 883 3498 gelidasque
905 3421 1020 3480 cucurri

173 3520 323 3601 Esquilias,
345 3521 477 3579 fremeret
497 3537 583 3577 saeva
604 3538 673 3578 cum
693 3518 834 3595 grandine
855 3537 961 3578 vernus

174 3618 301 3699 luppiter
321 3630 350 3680 et
370 3619 461 3677 multo
483 3618 600 3677 stillaret
620 3619 745 3694 paenula
766 3616 907 3676 nimbol’'

176 3720 277 3796 aspice,
300 3736 389 3795 quam
412 3717 502 3792 longo
524 3716 680 3792 distinguat
701 3725 819 3793 pectore
840 3716 964 3790 lancem,

177 3836 246 3894 quae
266 3818 354 3878 fertur
376 3816 496 3875 domino
519 3815 628 3891 squilla,
652 3824 680 3874 et
702 3815 805 3893 quibus
826 3816 956 3894 undique
977 3826 1077 3894 saepta
