2714 4350
176 329 238 395 ¹30
475 300 908 372 m'JtJNJrJtJVENALJs

173 481 303 540 humana
323 481 419 540 turbat
440 479 578 556 pavidum
599 479 736 556 cogitque
758 478 848 538 fateri.

173 580 203 638 hi
221 587 293 637 'sunt
314 580 365 657 qui
385 579 528 655 trepidant
547 588 576 637 et
596 578 634 637 ad
655 579 755 637 omnia
775 578 889 654 fulgura
909 578 1028 655 pallent,
1051 625 1055 633 .

174 695 242 737 cum
263 688 342 738 tonat
363 678 512 737 exanimes
533 677 627 753 primo
648 695 765 754 quoque
786 694 933 736 murmure
954 678 1042 750 caeli;

175 796 236 836 non
257 779 340 854 quasi
360 777 492 836 fortuitus
513 794 568 834 nec
589 784 741 834 ventorum
763 775 851 846 rabie,
874 785 920 835 set

175 877 264 934 iratus
285 876 372 935 cadat
392 875 423 932 in
444 884 534 933 terras
555 882 584 932 et
604 874 729 933 vindicet
750 873 836 949 ignis.

175 974 222 1033 illa
243 974 313 1032 nihil
334 973 443 1045 nocuit,
465 991 536 1032 cura
556 973 688 1048 graviore
709 973 825 1030 timetur

174 1073 307 1148 proxima
326 1081 492 1148 tempestas,
513 1070 590 1129 velut
610 1070 667 1130 hoc
688 1070 776 1128 dilata
796 1088 907 1130 serenor

175 1180 322 1248 praeterea
342 1170 437 1229 lateris
455 1169 536 1245 vigili
557 1187 625 1227 curn
646 1168 725 1227 febre
746 1167 877 1228 dolorem

176 1270 199 1326 si
220 1288 342 1346 coepere
363 1268 432 1345 pati,
450 1269 571 1326 missum
592 1266 630 1326 ad
652 1285 705 1325 sua
726 1284 848 1343 corpora
869 1268 1004 1326 morbum

176 1366 280 1426 infesto
301 1366 423 1426 credunt
443 1384 461 1425 a
482 1366 611 1436 numine,
633 1383 704 1424 saxa
725 1365 847 1425 deorum

176 1465 248 1524 haec
269 1475 299 1523 et
319 1464 374 1523 tela
394 1472 505 1541 putant.
540 1462 684 1540 pecudem
706 1464 850 1541 spondere
872 1465 985 1524 sacello

176 1564 323 1622 balantem
344 1573 372 1621 et
392 1562 517 1621 Laribus
538 1562 656 1620 cristam
677 1552 843 1640 promittere
865 1563 942 1639 galli*

177 1680 238 1721 non
258 1661 367 1719 audent
374 1679 382 1732 ;
408 1659 478 1738 quid
498 1660 577 1718 enim
599 1678 713 1736 sperare
736 1661 908 1720 nocentibus
929 1664 1024 1738 aegris

177 1761 371 1819 concessum?
391 1759 434 1818 vel
456 1777 532 1836 quae
553 1777 615 1817 uon
636 1759 751 1835 dignior
772 1759 868 1819 hostia
887 1761 964 1820 vita?

181 1855 310 1937 [mobilis
331 1867 358 1915 et
378 1858 457 1915 varia
477 1868 521 1917 est
541 1855 631 1941 ferme
652 1866 756 1916 natura
776 1854 942 1939 malorum]

178 1976 247 2017 cum
268 1956 361 2015 scelus
381 1957 545 2026 admittunt,
567 1964 698 2031 superest
718 1957 898 2030 constantia;
920 1957 991 2034 quid
1013 1957 1063 2019 fas.

178 2067 265 2132 atque
286 2055 376 2126 nefaS,
397 2055 515 2114 tandem
536 2053 678 2130 incipiunt
699 2055 805 2113 sentire
826 2056 949 2131 peractis
986 2067 996 2086 ⁰
1066 2045 1070 2054 ’

178 2154 361 2214 criminibus.¹
389 2162 489 2211 tamen
509 2151 547 2210 ad
567 2170 664 2209 mores
685 2162 790 2210 natura
811 2154 931 2212 recurrit

179 2252 341 2322 damnatos,
363 2250 421 2308 fixa
441 2260 470 2308 et
490 2251 594 2309 mutari
615 2250 722 2309 nescia.
757 2269 826 2309 nam
847 2252 912 2327 quis
993 2303 996 2308 .

178 2349 320 2424 peccandi
336 2349 426 2406 finem
446 2349 542 2424 posuit
561 2348 635 2406 sibi?
656 2349 775 2425 quando
797 2351 904 2426 recepit

77 2507 79 2511 ,
177 2448 302 2505 eiectum
324 2446 414 2506 semel
436 2447 529 2505 attrita
551 2446 587 2504 de
608 2445 701 2504 fronte
722 2447 880 2506 ruborem?

180 2544 314 2620 quisnam
334 2543 486 2603 hominum
507 2553 558 2615 est,
575 2562 664 2621 quem
685 2553 717 2602 tu
738 2553 907 2603 contentum
927 2546 1033 2608 videris
1053 2567 1114 2610 uno

179 2641 308 2718 flagitio?
332 2641 412 2700 dabit
432 2642 463 2699 in
483 2641 618 2718 laqueum
639 2641 759 2719 vestigia
779 2652 879 2702 noster

179 2741 307 2817 perfidus
328 2750 357 2799 et
377 2740 451 2815 nigri
471 2741 594 2818 patietur
615 2742 738 2801 carceris
756 2759 866 2818 uncum

180 2849 229 2898 aut
249 2839 336 2898 maris
357 2839 466 2914 Aegaei
486 2857 591 2915 rupem
612 2839 807 2917 scopulosque
829 2840 993 2918 frequentes

180 2939 311 2996 exulibus
332 2937 456 3014 magnis,
493 2956 591 3013 poena
612 2938 753 3014 gaudebis
775 2958 876 2998 amara

180 3037 308 3096 nominis
327 3036 418 3108 invisi,
440 3036 616 3112 tandemque
638 3037 765 3097 fatebere
785 3039 877 3099 laetus

179 3155 234 3195 nec
255 3135 375 3194 surdum
395 3152 451 3194 nec
473 3135 605 3193 Tiresian
627 3154 804 3214 quemquam
825 3154 889 3196 esse
910 3136 1048 3198 deorum..

664 3364 776 3440 XIV.

144 3511 146 3516 '
181 3522 320 3583 Pronum
341 3533 416 3596 sunt,
438 3523 571 3596 Fuscine,
592 3535 622 3583 et
643 3524 720 3585 fama
741 3527 830 3602 digna
851 3526 966 3587 sinistra
1032 3522 1035 3527 ¹

181 3632 210 3681 et
230 3622 327 3681 nitidis
347 3623 492 3682 maculam
513 3625 667 3683 haesuram
688 3626 807 3703 figentia
827 3627 923 3698 rebus,

181 3738 257 3798 quae
278 3731 440 3780 monstrant
460 3722 516 3798 ipsi
537 3724 632 3799 pueris
652 3724 827 3802 traduntque
848 3735 989 3801 parentes.

182 3820 207 3880 si
227 3818 370 3879 damnosa
390 3838 490 3881 senem
511 3821 588 3881 iuvat
609 3822 680 3894 alea,
701 3823 772 3882 ludit
793 3835 821 3883 et
841 3823 925 3884 heres
