2714 4350
524 281 692 352 sarium
716 282 773 338 Xr.
791 275 883 338 1456.

180 440 339 518 ancipitem
360 461 412 503 seu
433 453 465 501 tu
486 462 596 521 magno
618 445 784 504 discrimine
806 464 926 506 causam

181 550 334 618 protegere
355 541 493 614 adiectas,
514 552 542 601 te
563 543 693 614 consule,
716 543 762 601 dic
784 544 836 601 tibi
857 545 908 621 qui
929 545 976 617 sis,

180 649 278 698 orator
299 638 464 712 vehemens,
486 660 524 699 an
546 640 663 700 Curtius
684 651 712 700 et
733 640 837 700 Matho
858 643 978 703 buccae.

180 738 332 797 noscenda
352 748 396 798 est
416 758 555 798 mensura
577 740 620 798 sui
642 738 858 817 spectandaque
879 742 963 801 rebus

179 836 210 894 in
231 836 352 894 summis
373 838 569 914 minimisque,
591 839 679 896 etiam
700 856 767 896 cum
788 839 875 914 piscis
896 851 1015 910 emetur,

180 952 217 991 ne
239 933 362 991 mullum
383 935 493 1010 cupias,
516 953 584 993 curn
605 935 640 994 sit
661 936 713 993 tibi
735 937 824 1012 gobio
845 947 959 996 tantum

179 1032 210 1090 in
231 1032 341 1093 loculis.
384 1033 449 1110 quis
470 1033 550 1091 enim
570 1043 599 1092 te
621 1034 773 1092 deficiente
795 1035 892 1095 culina

179 1140 208 1190 et
228 1141 377 1191 crescente
398 1131 467 1208 gula
488 1143 587 1190 manet
607 1133 710 1204 exitus
733 1151 798 1191 aere
819 1144 941 1210 paterno

179 1248 214 1288 ac
235 1230 322 1290 rebus
343 1232 446 1289 mersis
466 1230 498 1288 in
517 1240 648 1289 ventrem
669 1231 776 1290 fenoris
798 1241 884 1309 atque
920 1294 923 1300 ,

179 1330 293 1404 argenti
313 1329 409 1406 gravis
430 1339 457 1388 et
479 1347 620 1406 pecorum
641 1348 837 1408 agrorumque
860 1334 1020 1407 capaceml

178 1428 284 1488 talibus
305 1447 323 1486 a
344 1429 471 1488 dominis
491 1439 557 1505 post
578 1439 684 1488 cuncta
704 1431 878 1489 novissimus
899 1433 962 1490 exit-

179 1527 292 1598 anulus,
314 1538 343 1587 et
364 1529 455 1605 digito
475 1528 623 1588 mendicat
644 1527 738 1587 Pollio
759 1529 849 1588 nud0.

179 1643 240 1685 non
261 1628 437 1704 praematuri
457 1627 568 1686 cineres
589 1647 644 1686 nec
665 1628 752 1686 sunus
773 1630 912 1687 acerbum
947 1642 948 1647 ’

178 1724 317 1799 luxuriae,
339 1727 390 1785 sed
411 1736 504 1786 morte
525 1728 620 1804 magis
641 1727 797 1785 metuenda
818 1737 972 1786 senectus„

178 1823 208 1881 hi
227 1825 399 1902 plerumque
420 1825 535 1902 gradus.
578 1826 724 1885 conducta
745 1826 870 1902 pecunia
892 1823 1006 1883 Romae

178 1934 207 1982 et
229 1941 329 1983 coram
351 1925 696 1999 dominis-consumtum
719 1925 786 1984 inde
808 1925 857 1982 ubi
879 1924 1007 2001 paulum,

177 2025 277 2084 nescio
298 2024 369 2103 quid
389 2034 520 2100 superest
541 2034 571 2082 et
591 2024 679 2101 pallet
700 2023 808 2083 fenoris
830 2035 942 2094 auctor,

178 2123 228 2200 qui
249 2133 358 2181 vertere
380 2122 485 2192 solum,
506 2121 593 2182 Baias
615 2133 643 2182 et
664 2123 702 2182 ad
723 2132 819 2182 ostrea
842 2133 969 2182 currunt.

177 2221 281 2280 cedere
302 2240 430 2298 namque
451 2221 516 2281 foro
536 2221 595 2279 iarn
617 2239 678 2281 non
699 2232 743 2281 est
764 2222 888 2280 deterius
910 2239 1008 2300 quarn,

176 2318 324 2397 Esquilias
344 2339 362 2378 a
382 2320 502 2378 ferventi
523 2320 647 2397 migrare
668 2319 791 2379 Subura.

176 2418 224 2477 ille
246 2418 330 2478 dolor
352 2419 431 2477 solus
452 2419 576 2494 patriam
597 2418 783 2494 fugientibus,
805 2418 855 2478 illa

175 2518 319 2576 maestitia
339 2528 392 2589 est,
414 2517 540 2576 caruisse
562 2534 641 2574 anno
663 2517 841 2576 circensibus
862 2536 942 2577 uno..

177 2616 326 2692 sanguinis
346 2615 377 2673 in
397 2615 471 2673 facie
491 2632 553 2672 non
573 2614 672 2674 haeret
693 2626 783 2692 gutta,
807 2627 963 2675 morantur

176 2716 262 2792 pauci
282 2714 436 2773 ridiculum
457 2713 643 2790 effugientem
665 2733 701 2774 ex
722 2715 794 2772 urbe
815 2714 968 2790 pudorem.

235 2813 393 2890 Experiere
413 2812 511 2883 hodie,
533 2813 678 2890 numquid
699 2812 893 2889 pulcherrima
914 2813 1010 2884 dictu,

176 2911 301 2983 Persice,
323 2931 384 2971 non
405 2921 549 2988 praestem
570 2913 629 2970 vita
649 2911 696 2969 vel¹
716 2914 845 2985 moribus
867 2921 896 2970 et
917 2931 957 2983 re,

175 3011 199 3068 si
220 3011 337 3068 laudem
359 3011 477 3086 siliquas
499 3009 631 3069 occultus
652 3029 757 3086 ganeo,
779 3010 874 3087 pultes

174 3128 275 3168 coram
297 3109 359 3188 aliis
379 3109 488 3168 dictem
509 3126 609 3184 puero,
631 3109 683 3168 sed
704 3109 734 3166 in
755 3127 826 3167 aure
846 3108 1012 3186 placentas..

174 3226 243 3266 nam
265 3227 336 3267 cum
356 3209 395 3267 sis
416 3207 537 3266 conviva
558 3207 629 3264 mihi
650 3207 822 3284 promissus,
843 3205 966 3264 habebis

174 3304 355 3378 Euandrum,
376 3307 475 3365 venies
496 3305 668 3383 Tirynthius
690 3315 739 3363 aut
761 3305 858 3363 minor
879 3304 935 3362 illo.

174 3404 291 3483 hospes,
313 3405 423 3482 etipse
444 3415 543 3463 tamen
564 3405 739 3480 contingens
761 3403 902 3480 sanguine
925 3401 1049 3472 caelum,

174 3504 245 3562 alter
265 3504 360 3580 aquis,
382 3503 452 3561 alter
474 3501 600 3560 flammis
621 3501 659 3560 ad
679 3502 776 3560 sidera
798 3501 915 3562 missus.

172 3599 282 3662 fercula
303 3619 381 3660 nunc
402 3600 472 3658 audi
493 3599 578 3658 nullis
599 3608 702 3658 ornata
719 3597 857 3656 macellis.

174 3699 209 3759 de
230 3700 390 3759 Tiburtino
411 3699 506 3758 veniet
527 3698 737 3775 pinguissimus
760 3715 832 3772 agro

173 3796 313 3860 haedulus
334 3808 363 3858 et
384 3808 447 3859 toto
468 3817 556 3876 grege
578 3796 702 3868 mollior,
725 3796 830 3856 inscius
850 3794 966 3864 herbae,

660 3925 713 3969 Ha
