2714 4350
178 344 239 393 120
479 331 519 387 D.
542 329 658 385 IUNII
675 328 909 385 IUVENALIS

175 497 412 575 spargendusque
434 513 525 567 mero,
546 513 635 573 quem
655 495 715 555 iam
731 494 821 571 pudet
841 495 932 553 ubera
952 495 1053 554 matris

175 599 289 668 ducere,
311 596 361 672 qui
382 604 467 654 vexat
486 594 617 653 nascenti
638 594 744 653 robora
765 611 866 652 cornu.

174 697 199 755 si
219 714 264 754 res
285 695 383 770 ampla
403 694 484 753 domi
505 692 663 770 similisque
685 692 844 752 adfectibus
864 702 949 764 esset,

173 795 310 872 pinguior
330 792 467 870 Hispulla
486 792 647 851 traheretur
666 802 763 850 taurus
784 792 897 874 etipsa

174 892 250 952 mole
272 891 364 968 piger,
383 910 437 950 nec
458 890 580 948 finitima
601 890 725 948 nutritus
746 889 776 947 in
793 889 884 947 herba

173 991 249 1050 laeta
269 1001 312 1050 set
333 990 489 1050 ostendens
511 988 649 1047 Clitumni
669 1006 779 1065 pascua
799 988 917 1065 sanguis

173 1090 227 1149 iret
247 1100 275 1148 et
295 1108 313 1148 a
333 1090 439 1166 grandi
460 1089 556 1147 cervix
578 1088 706 1146 ferienda
725 1088 867 1160 ministr0,

174 1190 215 1248 ob
235 1189 359 1248 reditum
380 1186 551 1264 trepidantis
572 1185 668 1244 adhuc
690 1185 893 1262 horrendaque
913 1187 993 1263 passi

174 1306 268 1363 nuper
288 1299 318 1346 et
337 1286 515 1344 incolumem
536 1303 599 1344 sese
619 1284 750 1342 mirantis
768 1285 863 1348 amici.

174 1404 244 1444 nam
264 1395 379 1462 praeter
399 1383 495 1461 pelagi
516 1401 600 1442 casus
621 1393 649 1440 et
670 1383 799 1443 fulminis
819 1383 894 1445 ictus

175 1485 274 1544 evasit.
316 1484 423 1543 densae
445 1482 558 1541 caelum
579 1481 758 1541 abscondere
779 1483 915 1543 tenebrae

176 1584 255 1642 nube
275 1600 335 1640 una
356 1581 527 1658 subitusque
548 1589 703 1639 antemnas
720 1581 833 1657 impulit
853 1581 938 1658 ignis,

175 1700 243 1741 cum
264 1700 295 1741 se
316 1681 440 1759 quisque
461 1680 510 1738 illo
532 1697 702 1756 percussum
723 1680 851 1739 crederet
871 1691 900 1739 et
920 1698 995 1744 mox>

175 1780 311 1839 attonitus
332 1779 443 1838 nullum
464 1778 588 1839 conferri
609 1796 696 1855 posse
716 1788 830 1855 putaret

175 1878 360 1954 naufragium
380 1877 448 1936 velis
469 1877 648 1937 ardentibus.
690 1877 791 1936 omnia
812 1877 885 1938 fiunt

174 1976 250 2049 talia,
271 1986 333 2034 tam
352 1977 484 2052 graviter,
506 1976 530 2034 si
551 1975 670 2053 quando
691 1975 806 2051 poetica
828 1975 920 2053 surgit

174 2084 343 2152 tempestas.
385 2092 479 2150 genus
500 2092 570 2132 ecce
590 2073 671 2131 aliud
693 2074 864 2133 discriminis
885 2075 953 2133 audi

175 2183 205 2230 et
225 2173 361 2231 miserere
383 2172 495 2245 iterum,
518 2190 698 2249 quamquam
720 2173 776 2231 sint
797 2182 893 2231 cetera
913 2173 998 2233 sortis

176 2270 307 2329 eiusdem
325 2286 394 2346 pars
415 2270 476 2329 dira
497 2272 625 2348 quidem,
646 2271 699 2331 sed
719 2272 836 2346 cognita
856 2271 953 2331 multis

177 2377 206 2426 et
227 2386 316 2445 quam
337 2370 431 2428 votiva
454 2378 593 2427 testantur
613 2369 681 2429 sana
702 2370 809 2429 tabella

177 2465 317 2542 plurima3
339 2467 465 2542 pictores
485 2468 550 2544 quis
570 2468 662 2526 nescit
682 2470 719 2526 ab
740 2468 818 2527 Iside
839 2469 940 2544 pasci?

178 2560 297 2644 [accidit
318 2574 347 2624 et
366 2574 466 2624 nostro
487 2566 585 2624 similis
606 2566 720 2626 fortuna
742 2563 880 2648 Catulla]

177 2680 244 2724 cum
264 2663 368 2740 plenus
389 2663 478 2722 fluctu
497 2664 611 2723 medius
631 2664 705 2724 foret
725 2665 822 2724 alveus
843 2675 872 2725 et
892 2665 950 2724 iam

177 2762 319 2820 alternum
340 2762 445 2838 puppis
466 2763 541 2821 latus
562 2764 753 2822 evertentibus
774 2764 860 2822 undis

177 2860 274 2919 arbori
294 2859 421 2918 incertae
442 2861 550 2918 nullam
571 2862 724 2937 prudentia
745 2863 810 2921 cani

177 2959 297 3018 rectoris
318 2959 462 3018 conferret
482 2978 579 3035 opem,
602 2959 734 3019 decidere
755 2961 833 3019 iactu

176 3057 275 3134 coepit
295 3074 363 3116 cum
384 3057 484 3127 ventis
505 3057 627 3133 cupiens
648 3057 767 3116 evadere
789 3059 907 3118 damno.

176 3155 313 3224 ‘fundite
335 3173 410 3231 quae
430 3173 496 3213 mea
517 3155 603 3225 sunt,’
625 3154 748 3227 dicebat,
772 3156 914 3228 ‘cuncta'
936 3156 1075 3232 Catullus,

177 3253 366 3330 praecipitare
387 3253 488 3312 volens
509 3254 596 3312 etiam
616 3252 819 3329 pulcherrima,
840 3265 950 3314 vestem

177 3369 361 3430 purpuream,
382 3353 488 3411 teneris
509 3370 627 3431 quoque
649 3351 871 3413 Maecenatibus
892 3363 999 3430 aptam,

178 3459 265 3526 atque
290 3450 367 3519 alias,
389 3469 513 3527 quarum
534 3453 670 3528 generosi
691 3453 831 3528 graminis
852 3453 948 3530 ipsum

177 3547 277 3606 infecit
296 3558 396 3606 natura
418 3568 517 3626 pecuS,
539 3550 642 3610 sedet
663 3550 797 3628 egregius
818 3550 885 3610 sons

81 3688 83 3694 ,
178 3644 286 3703 viribus
306 3646 426 3705 occultis
446 3657 476 3705 et
496 3647 630 3706 Baeticus
652 3649 767 3707 adiuvat
788 3668 844 3709 aer.

178 3742 225 3802 ille
246 3761 301 3801 nec
321 3754 473 3820 argentum
494 3744 644 3806 dubitabat
664 3749 786 3819 mittere,
807 3747 906 3808 lances

180 3839 335 3901 Parthenio
355 3842 454 3914 factas,
475 3863 566 3904 urnae
587 3855 697 3905 cratera
718 3865 859 3923 capacem
