2714 4350
137 316 179 377 66
372 282 375 286 ’
404 296 411 310 “
438 322 478 377 o.
501 321 618 377 runt!
635 320 870 376 [brennus

135 501 295 562 perquem
318 502 443 560 magnus
464 503 556 562 equos
576 485 731 543 Auruncae
752 484 831 543 flexit
852 485 995 556 alumnus,
1153 509 1183 543 20

135 585 159 643 si
180 595 262 642 vacat
283 601 318 641 ae
339 583 445 659 placidi
467 583 609 642 rationem
631 561 787 656 admittitis,
811 583 906 643 edam.

196 683 273 742 Cum
293 691 374 740 tener
394 700 517 741 uxorem
539 682 626 741 ducat
647 683 748 760 spado,
771 682 869 742 Mevia
883 682 1018 742 Tuscum

134 783 204 860 figat
224 799 328 858 aprum
349 793 378 840 et
398 781 477 838 nuda
498 791 595 839 teneat
616 782 757 841 venabula
778 800 917 853 mamma,

133 881 270 957 patricios
291 897 395 938 omnes
417 881 523 955 opibus
545 898 613 938 cum
633 890 772 955 provocet
793 898 868 938 unus

132 996 194 1056 quo
216 979 354 1037 tondente
375 979 472 1055 gravis
493 978 587 1036 iuveni
608 978 680 1036 mihi
701 980 792 1037 barba
813 980 945 1050 sonabat,

134 1096 201 1136 curn
222 1095 288 1154 pars
309 1076 438 1135 Niliacae
459 1077 561 1153 plebis,
586 1094 653 1135 curn
674 1096 762 1135 verna
784 1076 900 1155 Canopi
918 1140 921 1146 ,

134 1175 294 1251 Crispinus
317 1175 422 1251 Tyrias
442 1193 543 1233 umero
564 1184 718 1233 revocante
738 1176 876 1248 lacernas

133 1275 249 1334 ventilet
270 1274 409 1332 aestivum
431 1273 525 1349 digitis
547 1272 715 1333 sudantibus
737 1293 847 1346 aurum,

133 1393 187 1432 nec
209 1373 326 1432 sufferre
347 1382 435 1448 queat
456 1372 574 1430 maioris
594 1372 724 1448 pondera
744 1392 887 1450 gemmae,

133 1471 246 1530 difficile
267 1481 311 1529 est
332 1473 458 1529 satuiam
480 1489 541 1529 non
562 1456 694 1530 scribere.
737 1490 806 1530 nam
828 1473 893 1548 quis
913 1472 1028 1547 iniquae

132 1580 194 1629 tarn
215 1570 327 1646 patiens
349 1569 435 1638 urbis,
457 1577 517 1625 tam
537 1567 653 1640 ferreus
676 1579 707 1628 ut
727 1581 825 1629 teneat
846 1589 885 1641 se,

133 1668 271 1728 causidici
293 1686 368 1727 nova
389 1685 456 1725 cum
477 1668 570 1725 veniat
592 1667 692 1727 lectica
714 1668 863 1727 Mathonis

133 1768 219 1845 plena
241 1767 314 1844 ipso,
335 1775 401 1843 post
422 1767 500 1824 hunc
521 1766 621 1844 magni
642 1767 753 1825 delator
774 1769 859 1827 amici

132 1877 161 1926 et
183 1869 239 1926 cito
260 1876 392 1943 rapturus
414 1865 450 1925 de
471 1866 621 1925 nobilitate
643 1885 761 1925 comesa

131 1966 212 2042 quod
232 1974 370 2042 superest,
392 1983 480 2041 quem
501 1964 602 2023 Massa
622 1965 710 2036 timet
734 1983 822 2043 quem
843 1984 962 2024 munere
983 1966 1084 2043 palpat
1151 2023 1173 2038 „

132 2063 225 2122 Carus
246 2074 274 2121 et
296 2081 313 2121 a
334 2063 445 2140 trepido
467 2062 611 2140 Thymele
632 2064 786 2122 summissa
808 2063 936 2124 Latino?

132 2161 255 2238 accipiat
276 2179 346 2220 sane
368 2161 533 2220 mercedem
555 2163 705 2237 sanguinis
725 2173 754 2221 et
775 2163 816 2222 sie

131 2260 246 2335 palleat,
267 2269 298 2317 ut
319 2260 403 2317 nudis
424 2260 529 2337 pressit
550 2261 599 2336 qui
621 2260 749 2319 calcibus
771 2280 905 2338 anguem,

133 2369 182 2417 aut
204 2357 451 2434 Lugudunensem
471 2358 567 2417 rhetor
589 2359 718 2418 dicturus
739 2361 776 2419 ad
797 2379 887 2422 aram.

85 2494 87 2498 ι
130 2457 201 2533 quid
221 2457 343 2515 referam
365 2465 474 2531 quanta
494 2457 605 2515 siccum
625 2459 705 2517 iecur
725 2459 824 2518 ardeat
845 2461 895 2532 ira,

131 2574 199 2614 curn
220 2555 362 2631 populum
383 2555 519 2631 gregibus
541 2557 680 2615 comitum
701 2559 806 2634 premit
826 2559 873 2618 hic
893 2559 1032 2636 spoliator

130 2654 232 2732 pupilli
252 2654 415 2731 prostantis,
437 2653 533 2712 ethic
555 2655 708 2715 damnatus
729 2657 808 2717 inani

130 2753 238 2812 iudicio
259 2751 341 2832 (quid
364 2753 442 2809 enim
464 2753 547 2811 salvis
568 2754 687 2814 infamia
709 2755 837 2815 nummis
845 2754 870 2836 i)

130 2852 199 2910 exul
221 2853 258 2909 ab
279 2859 382 2909 octava
403 2849 513 2909 Marius
534 2853 607 2911 bibit
627 2863 655 2912 et
675 2853 777 2921 fruitur
798 2855 842 2913 dis

128 2953 216 3024 iratis,
239 2962 269 3009 at
289 2960 321 3008 tu
342 2950 442 3008 victrix
462 2952 612 3027 provincia
631 2953 748 3030 ploras?

129 3051 203 3110 haec
224 3068 280 3127 ego
301 3068 362 3108 non
384 3049 500 3108 credam
515 3050 667 3110 Venusina
689 3051 777 3127 digna
797 3052 937 3111 lucerna?

130 3149 202 3207 haec
223 3168 279 3225 ego
301 3167 362 3207 non
383 3148 509 3223 agitem?
531 3149 582 3208 sed
604 3150 674 3225 quid
695 3151 809 3226 magis?
832 3150 990 3210 Heracleas

130 3258 179 3305 aut
200 3247 377 3305 Diomedeas
399 3257 448 3304 aut
468 3248 613 3323 mugitum
633 3248 787 3325 labyrinthi

131 3355 159 3402 et
180 3363 259 3403 mare
280 3363 452 3421 percussum
474 3364 566 3421 puero
587 3345 761 3423 fabrumque
780 3347 934 3419 volantem,

131 3460 198 3499 cum
219 3441 262 3499 fas
283 3461 346 3500 esse
367 3451 448 3518 putet
468 3461 568 3501 curam
589 3461 704 3520 sperare
726 3443 863 3516 cohortis

131 3539 180 3615 qui
201 3540 280 3598 bona
302 3539 420 3599 donavit
440 3543 628 3617 praesepibus
650 3551 678 3600 et
700 3552 777 3601 caret
798 3543 878 3601 omni

130 3637 273 3695 maiorum
296 3656 394 3711 censu,
417 3640 486 3697 dum
507 3641 635 3715 pervolat
655 3660 710 3699 axe
731 3641 819 3700 citato

129 3733 303 3793 Flaminiam
324 3754 395 3812 puer
416 3736 621 3808 Automedon;
643 3757 713 3796 nam
733 3739 795 3798 lora
812 3741 928 3798 tenebat

130 3835 202 3911 ipse,
224 3832 386 3893 lacernatae
408 3852 475 3893 cum
496 3854 527 3894 se
549 3836 667 3896 iactaret
688 3839 819 3897 amicae?

825 3932 859 4000 s
