2714 4350
398 345 400 350 .
452 306 622 363 sarona
645 308 703 365 Χῖ.
723 310 901 386 137-er.
919 319 948 386 7.

177 472 297 542 mentio,
317 489 381 543 nec,
403 471 495 548 pn'ma
517 472 540 531 si
561 471 626 532 luce
647 491 764 548 egressa
784 474 886 533 reverti

175 581 263 629 nocte
284 570 365 641 solet,
386 571 474 630 tacito
495 570 584 630 bilem
600 571 653 629 tibi
673 572 826 631 contrahat
847 590 930 632 uxor.

175 670 308 745 protinus
328 678 397 728 ante
419 687 520 728 meum
541 670 683 746 quidquid
705 670 784 729 dolet
804 689 878 731 exue
899 671 999 742 limen,

175 785 255 842 pone
275 767 398 827 domum
418 777 448 826 et
469 785 567 827 servos
588 779 617 827 et
632 768 773 846 quidquid
795 768 936 846 frangitur
957 769 1011 828 illis

176 875 226 923 aut
247 866 331 942 perit,
352 866 484 942 ingratos
506 876 573 926 ante
594 867 694 926 omnia
714 885 793 943 pone
815 867 939 926 sodales.

176 965 285 1023 interea
305 963 520 1042 Megalesiacae
541 966 709 1043 spectacula
729 984 856 1042 mappae

175 1063 299 1122 Idaeum
317 1063 459 1122 sollemne
480 1064 586 1135 colunt,
608 1065 767 1142 similisque
787 1063 936 1140 triumpho

175 1162 285 1238 praeda
305 1162 484 1221 caballorum
505 1174 621 1240 praetor
641 1164 722 1224 sedet
743 1183 787 1236 ac,
809 1163 880 1221 mihi
900 1181 974 1240 pace

176 1263 336 1320 immensae
357 1261 522 1339 nimiaeque
543 1263 611 1321 licet
631 1263 656 1321 si
678 1262 774 1322 dicere
794 1262 899 1339 plebis,

174 1370 267 1419 totam
289 1359 376 1418 hodie
398 1359 526 1420 Romam
539 1361 639 1420 circus
661 1362 739 1438 capit
759 1372 788 1420 et
808 1361 906 1438 lrago'r
927 1379 1027 1419 aurem

175 1460 304 1535 percutit,
326 1469 462 1518 eventum
481 1460 579 1519 viridis
596 1479 660 1537 >quo
681 1460 788 1536 colligo
811 1460 910 1536 panni.

175 1575 244 1615 nam
265 1559 290 1616 si
310 1558 452 1630 deficeret,
474 1567 616 1618 maestam
637 1560 846 1635 attonitamque
867 1557 979 1617 videres

174 1657 251 1716 hanc
272 1659 382 1729 urbem,
404 1657 490 1717 veluti
511 1657 680 1717 Cannarum
700 1659 732 1716 in
751 1657 868 1734 pulvere
889 1656 970 1716 victis

175 1757 349 1816 consulibus.
392 1766 525 1833 spectent
545 1756 671 1828 iuvenes,
693 1774 769 1833 quos
791 1755 900 1816 clamor
920 1765 948 1815 et
969 1754 1065 1814 audax
1169 1748 1172 1752 “

176 1856 304 1931 sponsi0,
327 1872 401 1931 quos
422 1854 517 1914 cultae
537 1854 621 1914 decet
641 1855 787 1914 adsedisse
808 1854 937 1930 puellae;

176 1964 274 2012 nostra
295 1954 376 2012 bibat
396 1971 518 2012 vernum
540 1964 689 2012 contracta
710 1952 836 2012 cuticula
856 1951 949 2011 solem

175 2050 352 2128 effugiatque
373 2060 480 2127 togam.
522 2051 580 2109 iam
602 2069 680 2110 nunc
701 2051 731 2107 in
752 2050 857 2109 balnea
878 2049 956 2110 salva

173 2148 266 2208 fronte
287 2148 353 2207 licet
374 2149 470 2219 vadas,
492 2167 671 2228 quamquam
688 2148 782 2208 solida
802 2148 875 2207 hora
896 2147 1019 2224 supersit

175 2247 213 2305 ad
233 2256 355 2307 sextam.
396 2247 492 2307 lacere
512 2247 570 2306 hoc
591 2265 653 2306 non
674 2247 769 2324 possis
790 2246 918 2323 quinque
939 2246 1040 2305 diebus

175 2346 324 2416 continuis,
345 2345 415 2423 quia
435 2356 502 2405 sunt
522 2346 586 2405 talis
607 2364 726 2424 quoque
746 2346 843 2404 taedia
863 2345 938 2404 vitae

174 2460 282 2520 magna
288 2461 297 2515 ;
319 2443 480 2521 voluptates
500 2445 689 2505 commendat
705 2444 800 2504 *rarior
820 2461 899 2503 usus
973 2497 976 2507 ,

650 2894 748 3012 er..

175 3186 303 3255 Nisam,
326 3183 459 3258 Contine,
481 3182 526 3244 die
547 3184 620 3243 mihi
640 3181 751 3243 dulcior
771 3183 843 3243 haec
866 3182 925 3254 lux,

174 3305 229 3362 qua
250 3285 339 3344 lestus
360 3283 506 3360 promissa
527 3283 589 3342 deis
612 3283 751 3342 animalia
772 3301 874 3359 cespes

173 3393 314 3460 expectat.
356 3382 471 3441 niveam
492 3382 609 3458 reginae
632 3380 765 3441 ducimus
786 3399 904 3457 agnam,

174 3499 223 3557 par
243 3481 334 3540 vellus
356 3481 470 3539 dabitur
490 3480 635 3558 pugnanti
657 3479 799 3556 Gorgone
820 3478 935 3550 Maura,

174 3580 222 3639 sed
242 3577 346 3657 procul
368 3588 521 3638 extensum
541 3579 674 3655 petulans
695 3578 785 3655 quatit
805 3576 900 3635 hostia
921 3576 1020 3635 funem

175 3677 300 3755 Tarpeio
322 3687 434 3737 servata
455 3677 518 3736 Iovi
538 3676 721 3754 frontemque
743 3684 883 3746 coruscat,

174 3780 279 3856 quippe
300 3777 383 3836 ferox
404 3776 515 3851 vitulus,
537 3777 652 3853 templis
673 3786 802 3835 maturus
824 3785 852 3835 et
873 3793 941 3835 arae

1175 2171 1220 2222 ²⁰⁵
