2714 4350
227 311 287 388 146
527 318 566 370 D.
589 317 706 370 IUNII
724 315 957 370 IUVENALIS

222 494 343 552 servat0,
366 457 449 538 miles
471 500 508 539 ne
529 482 636 539 vallum
657 481 747 558 litiget
768 490 849 539 extra

221 590 250 638 et
271 579 373 656 procul
395 597 413 637 a
434 580 533 655 signis.
575 580 729 638 iustissima
751 580 954 639 centurionum

221 678 352 754 cognitio
372 687 416 736 est
436 677 521 753 igitur
541 679 577 737 de
599 680 696 750 milite,
717 698 771 737 nec
793 679 864 736 mihi
885 679 958 737 derit

220 777 302 847 ultio,
325 777 350 835 si
370 776 461 835 iustae
483 776 610 835 defertur
631 796 720 835 causa
741 777 903 854 querellae:

220 885 283 935 tota
304 874 408 934 cohors
429 884 527 933 tamen
547 885 591 933 est
611 876 738 947 inimica,
760 894 920 952 omnesque
941 875 1064 951 manipli
1247 900 1279 934 20

221 993 367 1034 consensu
388 992 498 1049 magno
519 975 656 1046 efficiunt,
679 976 812 1034 curabilis
833 986 864 1033 ut
885 976 921 1033 sit

221 1074 346 1132 vindicta
367 1083 396 1130 et
416 1074 529 1147 gravior
550 1091 638 1149 quarn
659 1075 768 1133 iniuria.
812 1075 933 1151 dignum
955 1076 1008 1133 erit
1029 1093 1099 1151 ergo

221 1171 425 1231 declamatoris
446 1171 558 1229 mulino
581 1171 668 1231 corde
689 1171 812 1248 Vagelli,

221 1287 290 1328 cum
311 1269 371 1327 duo
393 1286 477 1326 crura
497 1267 615 1340 habeas,
637 1269 786 1329 offendere
808 1280 850 1329 tot
871 1271 987 1346 caligas,
1009 1280 1051 1329 tot

221 1368 301 1425 milia
321 1366 478 1425 clavorum.
520 1368 585 1442 quis
606 1379 667 1424 tam
688 1368 791 1443 procul
812 1369 886 1427 absit
906 1370 943 1426 ab
964 1370 1036 1426 urbe
1245 1393 1275 1440 25

221 1476 378 1544 praeterea,
400 1465 466 1540 quis
487 1474 549 1522 tarn
570 1465 701 1542 Pylades,
722 1467 831 1525 molem
850 1467 964 1543 aggeris
984 1467 1058 1525 ultra

220 1576 254 1624 ut
273 1565 390 1623 veniat?
421 1564 557 1622 lacrimae
579 1565 724 1623 siccentur
744 1567 885 1641 protinus,
906 1575 935 1624 et
956 1584 987 1623 se

220 1673 410 1722 excusaturos
432 1683 493 1722 non
514 1665 701 1724 sollicitemus
722 1666 842 1724 amicos

221 1763 276 1820 ‘da
297 1763 420 1833 testem,'
443 1762 529 1820 iudex
552 1781 620 1835 cum
642 1763 754 1834 dixerit,
777 1765 882 1822 audeat
903 1763 950 1822 ille

220 1861 321 1920 nescio
343 1861 415 1938 quis,
438 1879 555 1937 pugnos
577 1862 627 1938 qui
648 1860 726 1932 vidit,
749 1861 845 1920 dicere
866 1859 959 1932 ‘vidi’

220 1969 249 2018 et
270 1958 388 2018 credam
409 1959 531 2034 dignum
552 1960 644 2018 barba
665 1960 844 2036 dignumque
866 1958 976 2035 capillis

220 2057 373 2116 maiorum.
416 2057 499 2115 citius
520 2056 625 2116 falsum
646 2059 809 2134 producere
830 2068 933 2116 testem

220 2164 323 2214 contra
343 2173 492 2231 paganum
512 2156 617 2231 possis,
639 2175 728 2233 quam
749 2175 817 2215 vera
837 2156 1003 2232 loquentem

220 2261 324 2311 contra
344 2251 491 2311 fortunam
513 2254 617 2312 armati
638 2262 797 2331 contraque
818 2253 969 2330 pudorem.

282 2349 414 2409 Praemia
435 2370 514 2410 nunc
536 2351 591 2410 alia
613 2362 700 2430 atque
720 2352 776 2411 alia
797 2352 995 2412 emolumenta
1016 2364 1155 2415 notemus
1238 2380 1266 2429 35

220 2460 479 2509 sacramentorum.
523 2451 685 2509 convallem
707 2453 780 2510 ruris
801 2452 868 2510 aviti

220 2548 371 2624 improbus
392 2559 441 2606 aut
463 2567 601 2625 campum
622 2549 692 2607 mihi
714 2551 739 2609 si
760 2551 869 2608 vicinus
890 2549 1007 2622 ademit,

220 2656 249 2705 et
270 2663 386 2704 sacrum
406 2646 507 2706 effodit
528 2648 625 2706 medio
648 2649 684 2706 de
705 2649 793 2706 limite
815 2667 928 2720 saxum,

221 2743 301 2822 quod
323 2763 388 2803 mea
410 2764 478 2804 cum
499 2747 598 2822 patulo
621 2747 709 2805 coluit
729 2747 794 2823 puls
815 2765 913 2805 annua
934 2748 1002 2819 lib0,

219 2844 333 2903 debitor
353 2853 402 2902 aut
424 2855 555 2922 sumptos
577 2846 670 2922 pergit
692 2864 751 2903 non
773 2846 894 2905 reddere
916 2864 1061 2920 nummos,
1110 2901 1112 2904 .

219 2961 294 3000 vana
315 2944 485 3019 supervacui
506 2944 606 3002 dicens
628 2943 821 3020 chirographa
841 2944 920 3019 ligni,

219 3041 418 3117 expectandus
439 3043 491 3100 erit
512 3042 561 3118 qui
582 3042 645 3100 lites
667 3042 783 3101 inchoet
803 3061 898 3101 annus

218 3139 305 3198 totius
327 3139 434 3216 populi.
477 3140 529 3199 sed
550 3150 619 3199 tunc
640 3159 758 3218 quoque
780 3140 856 3199 mille
877 3140 996 3200 ferenda

217 3236 321 3308 taedia,
343 3237 420 3297 mille
442 3257 556 3298 morae:
580 3241 685 3298 totiens
706 3240 841 3298 subsellia
861 3249 973 3298 tantum

216 3345 400 3407 sternuntur;
423 3337 481 3395 iam
503 3336 630 3396 facundo
651 3349 780 3414 ponente
801 3338 931 3398 lacernas

218 3432 356 3492 Caedicio
378 3444 407 3493 et
428 3434 524 3494 Fusco
545 3436 814 3509 iamaemicturiente,
837 3438 927 3514 parati

218 3529 395 3608 digredimur
416 3534 551 3611 lentaque
572 3533 626 3592 fori
646 3553 811 3610 pugnamus
833 3535 948 3595 harena.

217 3638 262 3689 ast
283 3629 345 3702 illis,
367 3649 442 3707 quos
462 3650 543 3689 arma
563 3642 665 3708 tegunt
685 3644 714 3692 et
734 3633 846 3692 balteus
867 3635 967 3705 ambit,

217 3726 298 3808 quod
319 3728 457 3805 placitum
479 3741 523 3788 est
544 3731 615 3806 ipsis
636 3741 797 3807 praestatur
818 3743 932 3808 tempus
954 3733 1068 3809 agendi,

217 3845 340 3888 nectes
362 3828 488 3887 atteritur
509 3829 599 3904 longo
621 3830 781 3888 sufflamine
803 3830 866 3890 litis.
