2714 4350
187 380 189 385 ,
240 340 301 401 100
540 345 581 400 D.
603 343 721 401 IUNII
741 334 978 400 IUVENALIS

236 519 369 587 tempora
391 507 554 569 Santonico
574 508 652 568 velas
673 509 811 586 adoperta
832 509 969 570 cucullo?

300 608 417 668 Praeter
435 608 582 668 maiorum
603 608 717 668 cineres
737 617 824 685 atque
844 626 913 668 ossa
933 607 1043 668 volucri

133 711 138 723 '
237 716 377 784 carpento
398 706 508 783 rapitur
528 705 645 784 pinguis
666 704 836 778 Lateranus,
857 706 977 783 etipse,

237 807 300 883 ipse
320 814 416 865 rotam
437 804 568 882 astringit
589 803 680 862 multo
701 803 864 863 sufflamine
886 805 997 879 consul,

237 915 323 965 nocte
344 904 470 983 quidem,
492 902 544 964 sed
564 903 634 962 luna
654 902 740 972 videt,
763 903 816 962 sed
836 903 932 962 sidera
952 913 1040 964 testes

238 1004 390 1064 intendunt
411 1002 521 1063 oculos.
563 1001 676 1060 finitum
697 1011 814 1078 tempus
834 1001 956 1062 honoris

238 1121 306 1162 cum
326 1101 419 1174 fuerit,
440 1100 519 1160 clara
539 1099 701 1159 Lateranus
720 1099 785 1159 luce
806 1095 953 1176 flagellum

238 1212 333 1262 sumet
353 1210 382 1260 et
402 1217 558 1260 occursum
579 1216 742 1275 numquam
762 1198 918 1276 trepidabit
939 1200 1025 1259 amici

238 1302 297 1360 iam
319 1299 406 1370 senis,
428 1317 463 1356 ac
483 1296 563 1374 virga
584 1296 663 1372 prior
685 1305 793 1355 annuet
814 1305 901 1373 atque
922 1297 1067 1375 maniplos

238 1397 328 1457 solvet
347 1405 377 1455 et
396 1394 528 1454 infundet
548 1395 684 1452 iumentis
705 1393 814 1453 hordea
834 1394 927 1454 lassis.

238 1494 440 1555 intereadum
460 1493 573 1554 lanatas
594 1494 757 1570 robumque
778 1494 933 1553 iuvencum

240 1611 321 1654 more
343 1592 461 1652 Numae
482 1591 578 1651 caedit
599 1591 678 1650 Iovis
699 1602 766 1651 ante
787 1591 896 1664 altaria,
917 1594 992 1652 iurat

240 1693 334 1752 solam
355 1691 494 1769 Eponam
513 1699 543 1749 et
564 1689 652 1749 facies
672 1690 752 1750 olida
773 1691 811 1749 ad
832 1691 984 1767 praesepia
1005 1692 1106 1768 pictas.

239 1792 291 1852 sed
312 1809 381 1851 cum
402 1789 553 1867 pervigiles
574 1789 671 1865 placet
692 1790 850 1849 instaurare
871 1791 1004 1866 popinas,

240 1891 343 1950 obvius
364 1889 487 1948 adsiduo
510 1887 713 1964 Syrophoenix
733 1887 810 1946 udus
831 1906 950 1947 amomo

240 1985 348 2071 [currit
371 1988 528 2055 Idumaeae
551 1985 754 2063 Syrophoenix
775 1986 872 2045 incola
893 1981 1008 2067 portae]

240 2086 363 2163 hospitis
384 2085 500 2144 adfectu
520 2084 675 2143 dominum
696 2101 855 2160 regemque
877 2083 991 2157 salutat,

241 2195 270 2244 et
291 2203 359 2244 cum
380 2183 475 2242 venali
497 2183 606 2259 Cyanis
627 2183 778 2242 succincta
798 2183 916 2259 lagona.
955 2199 958 2205 ·

241 2283 377 2343 defensor
397 2283 501 2360 culpae
522 2282 599 2341 dicet
619 2281 691 2340 mihi
713 2281 852 2341 ‘fecimus
873 2291 901 2340 et
922 2300 977 2341 nos

241 2380 312 2440 haec
333 2378 468 2439 iuvenes!
510 2389 582 2439 esto.
625 2379 720 2438 desisti
741 2399 857 2457 nempe,
879 2398 934 2439 nec
954 2379 1030 2439 ultra

241 2480 337 2538 fovisti
358 2497 494 2538 errorem.
536 2480 622 2537 breve
645 2479 690 2544 sit,
713 2479 793 2556 quod
814 2480 934 2556 turpiter
956 2479 1055 2552 audes,

242 2578 387 2657 quaedam
408 2595 478 2636 cum
498 2577 593 2654 prima
614 2587 782 2637 resecentur
802 2578 925 2637 crimina
944 2579 1045 2652 barba,

242 2676 361 2753 indulge
380 2676 496 2734 veniam
517 2675 625 2752 pueris.
667 2675 828 2736 Lateranus
849 2676 887 2735 ad
907 2676 971 2736 illos

242 2773 421 2845 thermarum
441 2774 545 2833 calices
565 2774 763 2852 inscriptaque
784 2775 872 2833 lintea
892 2775 971 2834 vadit

242 2886 373 2934 maturus
393 2873 479 2945 bello,
501 2873 658 2933 Armeniae
681 2873 838 2951 Syriaeque
858 2873 973 2933 tuendis

240 2974 379 3033 amnibus
399 2981 429 3031 et
450 2970 557 3053 Rheno
579 2981 666 3049 atque
688 2972 809 3044 Histro;
830 2982 978 3066 praestare
999 2971 1151 3033 Neronem

243 3091 377 3132 securum
397 3070 474 3131 valet
493 3070 567 3131 haec
589 3079 678 3131 aetas.
720 3071 802 3130 mitte
824 3070 917 3142 Ostia,
940 3072 1059 3145 Caesar,

244 3172 332 3243 mitte,
355 3169 406 3230 sed
427 3170 458 3228 in
478 3187 588 3244 magna
608 3169 736 3245 legatum
757 3187 865 3247 quaere
885 3170 1015 3248 popina;

244 3269 372 3328 invenies
393 3269 492 3346 aliquo
513 3286 582 3327 cum
602 3286 774 3344 percussore
794 3268 945 3341 iacentem,

243 3367 420 3445 permixtum
441 3366 537 3425 nautis
557 3375 586 3425 et
607 3366 717 3425 furibus
739 3385 774 3424 ac
795 3365 930 3443 fugitivis,

243 3465 319 3524 inter
339 3465 488 3524 carnifices
509 3475 538 3524 et
559 3465 658 3524 fabros
679 3465 896 3542 sandapilarum
964 3480 965 3483 ’

244 3574 274 3622 et
293 3564 450 3639 resupinati
471 3564 615 3623 cessantia
636 3573 777 3640 tympana
798 3563 874 3639 galli.

245 3679 338 3738 aequa
358 3661 399 3719 ibi
419 3661 545 3736 libertas,
566 3662 734 3722 communia
755 3661 871 3739 pocula,
892 3660 984 3721 lectus

245 3777 307 3819 non
327 3759 399 3819 alius
420 3761 566 3839 cuiquam,
588 3779 644 3822 nec
662 3778 767 3819 mensa
786 3760 924 3820 remotior
943 3759 1002 3819 ulli.

245 3856 316 3935 quid
337 3857 427 3918 facias
447 3858 535 3917 talem
557 3859 685 3932 sortitus,
707 3858 837 3930 Pontice,
860 3860 996 3923 servum?
1095 3919 1097 3922 Α
1185 3867 1188 3874 ’
