2714 4350
516 279 686 335 sarona
709 280 763 338 JV.
779 291 896 358 30429·

178 447 234 504 itur
256 443 294 503 ad
316 442 447 503 Atriden.
475 450 537 502 tum
558 441 663 503 Picens
683 441 819 520 ‘accipe'
841 444 920 515 dixit,

180 543 317 620 ‘privatis
337 543 449 602 maiora
468 540 551 615 focis,
568 542 689 620 genialis
710 553 813 619 agatur

178 643 230 702 iste
252 643 324 714 dies,
345 659 470 718 propera
490 641 673 700 stomachum
693 642 791 700 laxare
811 642 938 718 saginae,

178 751 206 800 et
226 752 278 799 tua
299 750 443 800 servatum
464 759 605 800 consume
625 741 656 799 in
677 741 793 800 saecula
814 741 986 814 rhombum;

178 842 240 917 ipse
262 839 328 916 capi
349 837 456 899 voluit!
484 837 555 916 quid
575 839 720 916 apertius?
745 851 773 899 et
794 850 895 899 tamen
915 841 955 899 illi

178 939 337 1015 surgebant
357 938 468 997 cristae.
499 937 570 996 nihil
590 946 634 996 est
654 938 734 1015 quod
755 939 872 999 credere
893 940 930 1000 de
952 959 983 1000 se

178 1056 239 1097 non
259 1037 359 1113 possit,
381 1054 449 1095 cum
469 1035 603 1094 laudatur
623 1037 667 1096 dis
691 1055 785 1115 aequa
805 1047 940 1114 potestas.

178 1136 230 1195 sed
251 1136 332 1195 derat
352 1135 425 1211 pisci
445 1135 562 1211 patinae
583 1152 728 1194 mensura.
760 1147 901 1195 vocantur

176 1253 246 1310 ergo
267 1232 298 1291 in
320 1233 472 1292 consilium
493 1251 637 1310 proceres,
659 1252 734 1310 quos
754 1233 855 1293 oderat
875 1233 931 1305 ille,

177 1333 208 1391 in
229 1349 354 1409 quorum
374 1330 448 1392 facie
467 1332 590 1390 miserae
611 1349 796 1408 magnaeque
817 1332 937 1391 sedebat

177 1430 270 1506 pallor
290 1429 442 1488 amicitiae.
476 1429 596 1505 primus,
616 1428 760 1488 clamante
781 1429 912 1490 Liburno

178 1529 305 1601 ‘currite,
326 1528 386 1586 iam
407 1525 514 1587 seditl'
538 1537 621 1603 rapta
642 1529 816 1604 properabat
837 1529 934 1587 abolla

177 1622 305 1700 Pegasus
326 1622 464 1681 attonitae
485 1621 596 1698 positus
616 1620 706 1681 modo
726 1621 827 1680 vilicus
848 1623 920 1694 urbi,

177 1716 267 1801 [anne
288 1720 365 1780 aliud
385 1730 456 1779 tunc
477 1719 632 1796 praefecti?
658 1737 783 1797 quorum
803 1721 931 1797 optimus
952 1716 1052 1800 atque]

177 1821 315 1896 interpres
335 1820 434 1896 legum
455 1818 662 1889 sanctissimus,
684 1818 785 1877 omnia
805 1837 986 1896 quamquam

175 1919 355 1996 temporibus
376 1917 444 1976 diris
464 1916 615 1975 tractanda
634 1918 755 1993 putabat
775 1917 880 1975 inermi

177 2018 290 2076 iustitia.
332 2017 409 2075 venit
429 2025 459 2074 et
479 2014 574 2093 Crispi
595 2015 722 2074 iucunda
743 2025 888 2086 senectus,

176 2118 257 2174 cuius
278 2125 363 2174 erant
382 2133 478 2174 mores
499 2115 591 2192 qualis
611 2113 754 2186 facundia,
775 2115 845 2173 mite

175 2216 333 2292 ingenium.
373 2215 466 2273 maria
486 2233 521 2273 ac
542 2223 631 2273 terras
652 2213 836 2292 populosque
857 2214 968 2290 regenti

175 2314 238 2390 quis
260 2332 360 2373 comes
380 2314 484 2386 utilior,
506 2314 531 2372 si
552 2313 634 2373 clade
654 2324 684 2371 et
706 2322 787 2389 peste
809 2314 864 2372 sub
883 2313 932 2371 illa

175 2412 323 2471 saevitiam
345 2412 485 2472 damnare
505 2422 534 2472 et
554 2413 712 2472 honestum
733 2411 844 2471 adferre
865 2411 963 2471 liceret

175 2511 348 2570 consilium?
377 2512 428 2570 sed
449 2510 520 2588 quid
541 2511 694 2571 violentius
714 2529 785 2570 aure
806 2511 928 2586 tyranni,

175 2627 240 2668 cum
262 2627 323 2686 quo
343 2609 381 2668 de
401 2610 504 2686 pluviis
525 2618 576 2668 aut
596 2611 723 2669 aestibus
744 2619 794 2668 aut
814 2609 950 2668 nimboso

174 2727 238 2767 vere
260 2709 384 2768 locuturi
404 2708 496 2767 fatum
516 2708 666 2786 pendebat
685 2709 791 2769 amici?

175 2807 217 2867 ille
238 2808 326 2886 igitur
347 2825 508 2884 numquam
529 2807 633 2865 direxit
651 2807 788 2867 bracchia
809 2815 911 2866 contra

173 2916 338 2979 torrentem,
357 2925 412 2965 nec
433 2906 503 2966 civis
524 2916 594 2976 erat,
610 2906 661 2982 qui
682 2906 772 2964 libera
792 2916 892 2982 posset

173 3007 258 3065 verba
278 3005 369 3064 animi
390 3004 518 3082 proferre
538 3015 567 3063 et
588 3005 677 3063 vitam
697 3005 855 3082 inpendere
876 3021 952 3063 vero.

174 3106 212 3164 sic
233 3105 340 3164 multas
361 3104 472 3164 hiemes
493 3113 580 3182 atque
603 3104 805 3180 octogensima
825 3103 895 3161 vidit

175 3204 302 3274 solstitia,
320 3202 365 3261 his
386 3202 474 3262 armis
495 3203 544 3261 illa
565 3221 683 3280 quoque
703 3212 781 3261 tutus
803 3203 834 3261 in
855 3202 928 3261 aula.

174 3302 322 3377 proximus
343 3301 473 3362 eiusdem
493 3303 668 3379 properabat
689 3300 797 3360 Acilius
819 3301 882 3360 aevi

174 3418 238 3460 cum
259 3402 363 3461 iuvene
384 3401 514 3479 indigno,
532 3419 621 3479 quem
640 3419 720 3461 mors
741 3411 802 3460 tam
823 3417 910 3458 saeva
930 3407 1062 3458 maneret

175 3509 200 3557 et
219 3499 332 3560 domini
352 3500 457 3577 gladiis
478 3510 538 3559 tam
559 3499 703 3560 festinata.
739 3499 797 3570 sed
817 3498 888 3558 oiim

174 3599 304 3676 prodigio
325 3618 379 3676 par
399 3608 442 3658 est
462 3599 492 3656 in
513 3599 662 3658 nobilitate
684 3609 828 3670 senectus,

174 3697 248 3757 unde
270 3697 303 3756 fit
323 3707 355 3756 ut
375 3698 475 3757 malim
495 3696 664 3758 fraterculus
685 3717 750 3757 esse
770 3697 904 3775 gigantis.

174 3796 275 3870 profuit
296 3815 368 3875 ergo
389 3795 460 3855 nihil
480 3797 596 3870 misero,
614 3798 694 3874 quod
716 3797 880 3856 comminus
902 3815 985 3858 ursos

585 3954 588 3961 .
686 3923 705 3965 F
