<?xml version="1.0" encoding="UTF-8"?>
<!DOCTYPE html PUBLIC "-//W3C//DTD XHTML 1.0 Transitional//EN"
    "http://www.w3.org/TR/xhtml1/DTD/xhtml1-transitional.dtd">
<html xmlns="http://www.w3.org/1999/xhtml" xml:lang="en" lang="en">
 <head>
  <title>
</title>
<meta http-equiv="Content-Type" content="text/html;charset=utf-8" />
  <meta name='ocr-system' content='tesseract 3.04.00' />
  <meta name='ocr-capabilities' content='ocr_page ocr_carea ocr_par ocr_line ocrx_word'/>
</head>
<body>
  <div class='ocr_page' id='page_1' title='image "./diuniiiuvenalis00peargoog_0142.png"; bbox 0 0 2714 4350; ppageno 0'>
   <div class='ocr_carea' id='block_1_1' title="bbox 439 300 891 382">
    <p class='ocr_par' dir='ltr' id='par_1_1' title="bbox 439 300 891 382">
     <span class='ocr_line' id='line_1_1' title="bbox 439 300 891 382; baseline 0.009 -26"><span class='ocrx_word' id='word_1_1' title='bbox 439 300 607 357; x_wconf 83' lang='lat' dir='ltr'><em>SATURA</em></span> <span class='ocrx_word' id='word_1_2' title='bbox 631 302 891 382; x_wconf 81' lang='lat' dir='ltr'><em>XIV.110-179.</em></span> 
     </span>
    </p>
   </div>
   <div class='ocr_carea' id='block_1_2' title="bbox 173 459 1094 3883">
    <p class='ocr_par' dir='ltr' id='par_1_2' title="bbox 176 459 935 736">
     <span class='ocr_line' id='line_1_2' title="bbox 177 459 935 542; baseline 0.004 -20"><span class='ocrx_word' id='word_1_3' title='bbox 177 482 303 542; x_wconf 88' lang='lat' dir='ltr'><strong>quorum</strong></span> <span class='ocrx_word' id='word_1_4' title='bbox 324 459 348 522; x_wconf 89' lang='lat' dir='ltr'><strong>si</strong></span> <span class='ocrx_word' id='word_1_5' title='bbox 368 464 462 541; x_wconf 91' lang='lat' dir='ltr'><strong>pretio</strong></span> <span class='ocrx_word' id='word_1_6' title='bbox 483 463 620 525; x_wconf 91' lang='lat' dir='ltr'><strong>dominus</strong></span> <span class='ocrx_word' id='word_1_7' title='bbox 641 483 702 525; x_wconf 89' lang='lat' dir='ltr'><strong>non</strong></span> <span class='ocrx_word' id='word_1_8' title='bbox 723 465 845 526; x_wconf 90' lang='lat' dir='ltr'><strong>vincitur</strong></span> <span class='ocrx_word' id='word_1_9' title='bbox 865 467 935 540; x_wconf 92' lang='lat' dir='ltr'><strong>ullo,</strong></span> 
     </span>
     <span class='ocr_line' id='line_1_3' title="bbox 176 563 895 642; baseline 0.007 -22"><span class='ocrx_word' id='word_1_10' title='bbox 176 573 264 621; x_wconf 89' lang='lat' dir='ltr'><strong>nocte</strong></span> <span class='ocrx_word' id='word_1_11' title='bbox 285 564 376 623; x_wconf 92' lang='lat' dir='ltr'><strong>boves</strong></span> <span class='ocrx_word' id='word_1_12' title='bbox 397 564 488 622; x_wconf 90' lang='lat' dir='ltr'><strong>macri</strong></span> <span class='ocrx_word' id='word_1_13' title='bbox 508 563 643 642; x_wconf 85' lang='lat' dir='ltr'><strong>lassoque</strong></span> <span class='ocrx_word' id='word_1_14' title='bbox 663 564 798 624; x_wconf 83' lang='lat' dir='ltr'><strong>famelica</strong></span> <span class='ocrx_word' id='word_1_15' title='bbox 818 566 895 626; x_wconf 90' lang='lat' dir='ltr'><strong>collo</strong></span> 
     </span>
     <span class='ocr_line' id='line_1_4' title="bbox 177 660 903 736; baseline 0.007 -18"><span class='ocrx_word' id='word_1_16' title='bbox 177 661 307 720; x_wconf 86' lang='lat' dir='ltr'><strong>iumenta</strong></span> <span class='ocrx_word' id='word_1_17' title='bbox 327 661 365 720; x_wconf 86' lang='lat' dir='ltr'><strong>ad</strong></span> <span class='ocrx_word' id='word_1_18' title='bbox 385 660 490 720; x_wconf 90' lang='lat' dir='ltr'><strong>virides</strong></span> <span class='ocrx_word' id='word_1_19' title='bbox 511 661 597 721; x_wconf 87' lang='lat' dir='ltr'><strong>huius</strong></span> <span class='ocrx_word' id='word_1_20' title='bbox 618 662 770 721; x_wconf 84' lang='lat' dir='ltr'><strong>mittentur</strong></span> <span class='ocrx_word' id='word_1_21' title='bbox 791 664 903 736; x_wconf 66' lang='lat' dir='ltr'><strong>aristas</strong></span> 
     </span>
    </p>

    <p class='ocr_par' dir='ltr' id='par_1_3' title="bbox 175 758 1013 1035">
     <span class='ocr_line' id='line_1_5' title="bbox 176 758 1013 838; baseline 0.008 -21"><span class='ocrx_word' id='word_1_22' title='bbox 176 779 231 819; x_wconf 91' lang='lat' dir='ltr'><strong>nec</strong></span> <span class='ocrx_word' id='word_1_23' title='bbox 252 761 332 837; x_wconf 92' lang='lat' dir='ltr'><strong>prius</strong></span> <span class='ocrx_word' id='word_1_24' title='bbox 352 758 421 819; x_wconf 89' lang='lat' dir='ltr'><strong>inde</strong></span> <span class='ocrx_word' id='word_1_25' title='bbox 441 759 564 819; x_wconf 91' lang='lat' dir='ltr'><strong>domum</strong></span> <span class='ocrx_word' id='word_1_26' title='bbox 586 779 676 838; x_wconf 85' lang='lat' dir='ltr'><strong>quam</strong></span> <span class='ocrx_word' id='word_1_27' title='bbox 697 770 758 819; x_wconf 87' lang='lat' dir='ltr'><strong>tota</strong></span> <span class='ocrx_word' id='word_1_28' title='bbox 777 763 892 821; x_wconf 89' lang='lat' dir='ltr'><strong>novalia</strong></span> <span class='ocrx_word' id='word_1_29' title='bbox 913 781 1013 824; x_wconf 78' lang='lat' dir='ltr'><strong>saeuos</strong></span> 
     </span>
     <span class='ocr_line' id='line_1_6' title="bbox 175 858 920 929; baseline 0.009 -15"><span class='ocrx_word' id='word_1_30' title='bbox 175 858 206 914; x_wconf 91' lang='lat' dir='ltr'><strong>in</strong></span> <span class='ocrx_word' id='word_1_31' title='bbox 227 867 341 917; x_wconf 87' lang='lat' dir='ltr'><strong>ventres</strong></span> <span class='ocrx_word' id='word_1_32' title='bbox 363 859 475 929; x_wconf 85' lang='lat' dir='ltr'><strong>abeant,</strong></span> <span class='ocrx_word' id='word_1_33' title='bbox 497 868 528 916; x_wconf 88' lang='lat' dir='ltr'><strong>ut</strong></span> <span class='ocrx_word' id='word_1_34' title='bbox 550 860 650 918; x_wconf 88' lang='lat' dir='ltr'><strong>credas</strong></span> <span class='ocrx_word' id='word_1_35' title='bbox 671 858 793 918; x_wconf 86' lang='lat' dir='ltr'><strong>falcibus</strong></span> <span class='ocrx_word' id='word_1_36' title='bbox 814 872 920 921; x_wconf 89' lang='lat' dir='ltr'><strong>actum.</strong></span> 
     </span>
     <span class='ocr_line' id='line_1_7' title="bbox 176 956 900 1035; baseline 0.006 -21"><span class='ocrx_word' id='word_1_37' title='bbox 176 956 272 1015; x_wconf 88' lang='lat' dir='ltr'><strong>dicere</strong></span> <span class='ocrx_word' id='word_1_38' title='bbox 293 956 342 1014; x_wconf 86' lang='lat' dir='ltr'><strong>vix</strong></span> <span class='ocrx_word' id='word_1_39' title='bbox 363 956 459 1032; x_wconf 93' lang='lat' dir='ltr'><strong>possis</strong></span> <span class='ocrx_word' id='word_1_40' title='bbox 480 975 570 1033; x_wconf 89' lang='lat' dir='ltr'><strong>quam</strong></span> <span class='ocrx_word' id='word_1_41' title='bbox 591 957 675 1014; x_wconf 90' lang='lat' dir='ltr'><strong>multi</strong></span> <span class='ocrx_word' id='word_1_42' title='bbox 695 957 764 1016; x_wconf 88' lang='lat' dir='ltr'><strong>talia</strong></span> <span class='ocrx_word' id='word_1_43' title='bbox 783 957 900 1035; x_wconf 86' lang='lat' dir='ltr'><strong>plorent</strong></span> 
     </span>
    </p>

    <p class='ocr_par' dir='ltr' id='par_1_4' title="bbox 176 1053 795 1132">
     <span class='ocr_line' id='line_1_8' title="bbox 176 1053 795 1132; baseline 0.003 -20"><span class='ocrx_word' id='word_1_44' title='bbox 176 1063 205 1112; x_wconf 87' lang='lat' dir='ltr'><strong>et</strong></span> <span class='ocrx_word' id='word_1_45' title='bbox 225 1064 299 1130; x_wconf 91' lang='lat' dir='ltr'><strong>quot</strong></span> <span class='ocrx_word' id='word_1_46' title='bbox 319 1053 435 1113; x_wconf 90' lang='lat' dir='ltr'><strong>venales</strong></span> <span class='ocrx_word' id='word_1_47' title='bbox 455 1055 560 1114; x_wconf 90' lang='lat' dir='ltr'><strong>iniuria</strong></span> <span class='ocrx_word' id='word_1_48' title='bbox 580 1055 679 1114; x_wconf 88' lang='lat' dir='ltr'><strong>fecerit</strong></span> <span class='ocrx_word' id='word_1_49' title='bbox 699 1074 795 1132; x_wconf 89' lang='lat' dir='ltr'><strong>agros.</strong></span> 
     </span>
    </p>

    <p class='ocr_par' dir='ltr' id='par_1_5' title="bbox 175 1154 1094 1429">
     <span class='ocr_line' id='line_1_9' title="bbox 175 1154 974 1232; baseline 0.004 -20"><span class='ocrx_word' id='word_1_50' title='bbox 175 1154 227 1213; x_wconf 93' lang='lat' dir='ltr'><strong>sed</strong></span> <span class='ocrx_word' id='word_1_51' title='bbox 248 1154 300 1231; x_wconf 94' lang='lat' dir='ltr'><strong>qui</strong></span> <span class='ocrx_word' id='word_1_52' title='bbox 320 1172 479 1226; x_wconf 86' lang='lat' dir='ltr'><strong>sermones,</strong></span> <span class='ocrx_word' id='word_1_53' title='bbox 501 1173 591 1232; x_wconf 90' lang='lat' dir='ltr'><strong>quam</strong></span> <span class='ocrx_word' id='word_1_54' title='bbox 612 1154 712 1214; x_wconf 87' lang='lat' dir='ltr'><strong>foedae</strong></span> <span class='ocrx_word' id='word_1_55' title='bbox 734 1156 842 1215; x_wconf 88' lang='lat' dir='ltr'><strong>bucina</strong></span> <span class='ocrx_word' id='word_1_56' title='bbox 862 1155 974 1215; x_wconf 81' lang='lat' dir='ltr'><strong>samael</strong></span> 
     </span>
     <span class='ocr_line' id='line_1_10' title="bbox 176 1251 1094 1332; baseline 0.004 -24"><span class='ocrx_word' id='word_1_57' title='bbox 176 1252 265 1330; x_wconf 87' lang='lat' dir='ltr'><strong>‘quid</strong></span> <span class='ocrx_word' id='word_1_58' title='bbox 286 1263 372 1311; x_wconf 92' lang='lat' dir='ltr'><strong>nocet</strong></span> <span class='ocrx_word' id='word_1_59' title='bbox 393 1251 497 1312; x_wconf 82' lang='lat' dir='ltr'><strong>haeci&#39;</strong></span> <span class='ocrx_word' id='word_1_60' title='bbox 518 1253 613 1331; x_wconf 90' lang='lat' dir='ltr'><strong>inquit</strong></span> <span class='ocrx_word' id='word_1_61' title='bbox 637 1254 782 1312; x_wconf 85' lang='lat' dir='ltr'><strong>‘tunicam</strong></span> <span class='ocrx_word' id='word_1_62' title='bbox 802 1254 874 1312; x_wconf 91' lang='lat' dir='ltr'><strong>mihi</strong></span> <span class='ocrx_word' id='word_1_63' title='bbox 895 1254 973 1313; x_wconf 91' lang='lat' dir='ltr'><strong>malo</strong></span> <span class='ocrx_word' id='word_1_64' title='bbox 991 1254 1094 1332; x_wconf 89' lang='lat' dir='ltr'><strong>lupini,</strong></span> 
     </span>
     <span class='ocr_line' id='line_1_11' title="bbox 175 1351 806 1429; baseline 0.003 -20"><span class='ocrx_word' id='word_1_65' title='bbox 175 1368 264 1427; x_wconf 89' lang='lat' dir='ltr'><strong>quam</strong></span> <span class='ocrx_word' id='word_1_66' title='bbox 286 1352 310 1409; x_wconf 93' lang='lat' dir='ltr'><strong>si</strong></span> <span class='ocrx_word' id='word_1_67' title='bbox 331 1370 379 1410; x_wconf 93' lang='lat' dir='ltr'><strong>me</strong></span> <span class='ocrx_word' id='word_1_68' title='bbox 400 1360 462 1411; x_wconf 90' lang='lat' dir='ltr'><strong>toto</strong></span> <span class='ocrx_word' id='word_1_69' title='bbox 482 1351 581 1410; x_wconf 92' lang='lat' dir='ltr'><strong>laudet</strong></span> <span class='ocrx_word' id='word_1_70' title='bbox 601 1352 707 1411; x_wconf 90' lang='lat' dir='ltr'><strong>vicinia</strong></span> <span class='ocrx_word' id='word_1_71' title='bbox 728 1370 806 1429; x_wconf 85' lang='lat' dir='ltr'><strong>pago</strong></span> 
     </span>
    </p>

    <p class='ocr_par' dir='ltr' id='par_1_6' title="bbox 174 1448 846 1527">
     <span class='ocr_line' id='line_1_12' title="bbox 174 1448 846 1527; baseline 0.004 -21"><span class='ocrx_word' id='word_1_72' title='bbox 174 1450 274 1525; x_wconf 82' lang='lat' dir='ltr'><strong>exigui</strong></span> <span class='ocrx_word' id='word_1_73' title='bbox 294 1450 368 1508; x_wconf 91' lang='lat' dir='ltr'><strong>ruris</strong></span> <span class='ocrx_word' id='word_1_74' title='bbox 389 1451 565 1527; x_wconf 89' lang='lat' dir='ltr'><strong>paucissima</strong></span> <span class='ocrx_word' id='word_1_75' title='bbox 586 1450 661 1509; x_wconf 87' lang='lat' dir='ltr'><strong>farra</strong></span> <span class='ocrx_word' id='word_1_76' title='bbox 682 1448 846 1509; x_wconf 64' lang='lat' dir='ltr'><strong>secantem!</strong></span> 
     </span>
    </p>

    <p class='ocr_par' dir='ltr' id='par_1_7' title="bbox 177 1547 826 1622">
     <span class='ocr_line' id='line_1_13' title="bbox 177 1547 826 1622; baseline 0.002 -16"><span class='ocrx_word' id='word_1_77' title='bbox 177 1547 286 1607; x_wconf 89' lang='lat' dir='ltr'><strong>scilicet</strong></span> <span class='ocrx_word' id='word_1_78' title='bbox 306 1558 335 1607; x_wconf 90' lang='lat' dir='ltr'><strong>et</strong></span> <span class='ocrx_word' id='word_1_79' title='bbox 355 1549 466 1607; x_wconf 84' lang='lat' dir='ltr'><strong>morbis</strong></span> <span class='ocrx_word' id='word_1_80' title='bbox 487 1558 516 1607; x_wconf 92' lang='lat' dir='ltr'><strong>et</strong></span> <span class='ocrx_word' id='word_1_81' title='bbox 536 1548 683 1607; x_wconf 90' lang='lat' dir='ltr'><strong>debilitate</strong></span> <span class='ocrx_word' id='word_1_82' title='bbox 704 1549 826 1622; x_wconf 79' lang='lat' dir='ltr'><strong>carebiS,</strong></span> 
     </span>
    </p>

    <p class='ocr_par' dir='ltr' id='par_1_8' title="bbox 175 1646 955 1822">
     <span class='ocr_line' id='line_1_14' title="bbox 176 1646 955 1724; baseline 0.003 -19"><span class='ocrx_word' id='word_1_83' title='bbox 176 1657 204 1705; x_wconf 89' lang='lat' dir='ltr'><strong>et</strong></span> <span class='ocrx_word' id='word_1_84' title='bbox 223 1646 336 1706; x_wconf 91' lang='lat' dir='ltr'><strong>luctum</strong></span> <span class='ocrx_word' id='word_1_85' title='bbox 356 1656 385 1706; x_wconf 88' lang='lat' dir='ltr'><strong>et</strong></span> <span class='ocrx_word' id='word_1_86' title='bbox 407 1664 507 1705; x_wconf 91' lang='lat' dir='ltr'><strong>curam</strong></span> <span class='ocrx_word' id='word_1_87' title='bbox 527 1647 658 1723; x_wconf 85' lang='lat' dir='ltr'><strong>effugies,</strong></span> <span class='ocrx_word' id='word_1_88' title='bbox 679 1657 708 1706; x_wconf 91' lang='lat' dir='ltr'><strong>et</strong></span> <span class='ocrx_word' id='word_1_89' title='bbox 729 1658 861 1724; x_wconf 88' lang='lat' dir='ltr'><strong>tempora</strong></span> <span class='ocrx_word' id='word_1_90' title='bbox 881 1649 955 1707; x_wconf 84' lang='lat' dir='ltr'><strong>vitae</strong></span> 
     </span>
     <span class='ocr_line' id='line_1_15' title="bbox 175 1743 877 1822; baseline 0 -20"><span class='ocrx_word' id='word_1_91' title='bbox 175 1745 266 1820; x_wconf 90' lang='lat' dir='ltr'><strong>longa</strong></span> <span class='ocrx_word' id='word_1_92' title='bbox 282 1745 335 1802; x_wconf 93' lang='lat' dir='ltr'><strong>tibi</strong></span> <span class='ocrx_word' id='word_1_93' title='bbox 356 1744 478 1822; x_wconf 88' lang='lat' dir='ltr'><strong>posthac</strong></span> <span class='ocrx_word' id='word_1_94' title='bbox 501 1743 561 1804; x_wconf 90' lang='lat' dir='ltr'><strong>fato</strong></span> <span class='ocrx_word' id='word_1_95' title='bbox 582 1744 703 1804; x_wconf 90' lang='lat' dir='ltr'><strong>meliore</strong></span> <span class='ocrx_word' id='word_1_96' title='bbox 725 1745 877 1818; x_wconf 89' lang='lat' dir='ltr'><strong>dabuntur,</strong></span> 
     </span>
    </p>

    <p class='ocr_par' dir='ltr' id='par_1_9' title="bbox 176 1842 802 1920">
     <span class='ocr_line' id='line_1_16' title="bbox 176 1842 802 1920; baseline 0 -18"><span class='ocrx_word' id='word_1_97' title='bbox 176 1845 199 1902; x_wconf 92' lang='lat' dir='ltr'><strong>si</strong></span> <span class='ocrx_word' id='word_1_98' title='bbox 220 1853 334 1902; x_wconf 90' lang='lat' dir='ltr'><strong>tantum</strong></span> <span class='ocrx_word' id='word_1_99' title='bbox 356 1842 426 1902; x_wconf 89' lang='lat' dir='ltr'><strong>culti</strong></span> <span class='ocrx_word' id='word_1_100' title='bbox 446 1842 525 1903; x_wconf 91' lang='lat' dir='ltr'><strong>solus</strong></span> <span class='ocrx_word' id='word_1_101' title='bbox 546 1844 710 1920; x_wconf 75' lang='lat' dir='ltr'><strong>possederis</strong></span> <span class='ocrx_word' id='word_1_102' title='bbox 731 1844 802 1920; x_wconf 87' lang='lat' dir='ltr'><strong>agri,</strong></span> 
     </span>
    </p>

    <p class='ocr_par' dir='ltr' id='par_1_10' title="bbox 174 1941 1024 2808">
     <span class='ocr_line' id='line_1_17' title="bbox 175 1941 953 2019; baseline 0.001 -19"><span class='ocrx_word' id='word_1_103' title='bbox 175 1953 316 2019; x_wconf 87' lang='lat' dir='ltr'><strong>quantum</strong></span> <span class='ocrx_word' id='word_1_104' title='bbox 336 1943 391 2000; x_wconf 92' lang='lat' dir='ltr'><strong>sub</strong></span> <span class='ocrx_word' id='word_1_105' title='bbox 412 1942 500 2001; x_wconf 93' lang='lat' dir='ltr'><strong>Tatio</strong></span> <span class='ocrx_word' id='word_1_106' title='bbox 521 1943 648 2019; x_wconf 90' lang='lat' dir='ltr'><strong>populus</strong></span> <span class='ocrx_word' id='word_1_107' title='bbox 670 1941 825 2002; x_wconf 88' lang='lat' dir='ltr'><strong>Romanus</strong></span> <span class='ocrx_word' id='word_1_108' title='bbox 846 1944 953 2002; x_wconf 89' lang='lat' dir='ltr'><strong>arabat.</strong></span> 
     </span>
     <span class='ocr_line' id='line_1_18' title="bbox 176 2040 891 2118; baseline 0 -18"><span class='ocrx_word' id='word_1_109' title='bbox 176 2060 246 2100; x_wconf 86' lang='lat' dir='ltr'><strong>mox</strong></span> <span class='ocrx_word' id='word_1_110' title='bbox 267 2042 356 2099; x_wconf 92' lang='lat' dir='ltr'><strong>etiam</strong></span> <span class='ocrx_word' id='word_1_111' title='bbox 377 2040 474 2099; x_wconf 84' lang='lat' dir='ltr'><strong>fractis</strong></span> <span class='ocrx_word' id='word_1_112' title='bbox 495 2051 588 2100; x_wconf 86' lang='lat' dir='ltr'><strong>aetate</strong></span> <span class='ocrx_word' id='word_1_113' title='bbox 610 2059 644 2099; x_wconf 84' lang='lat' dir='ltr'><strong>ac</strong></span> <span class='ocrx_word' id='word_1_114' title='bbox 665 2040 778 2100; x_wconf 88' lang='lat' dir='ltr'><strong>-Punica</strong></span> <span class='ocrx_word' id='word_1_115' title='bbox 798 2041 891 2118; x_wconf 89' lang='lat' dir='ltr'><strong>passis</strong></span> 
     </span>
     <span class='ocr_line' id='line_1_19' title="bbox 176 2139 1024 2218; baseline 0.001 -19"><span class='ocrx_word' id='word_1_116' title='bbox 176 2140 286 2216; x_wconf 90' lang='lat' dir='ltr'><strong>proelia</strong></span> <span class='ocrx_word' id='word_1_117' title='bbox 306 2140 351 2198; x_wconf 92' lang='lat' dir='ltr'><strong>vel</strong></span> <span class='ocrx_word' id='word_1_118' title='bbox 372 2139 494 2216; x_wconf 85' lang='lat' dir='ltr'><strong>Pynum</strong></span> <span class='ocrx_word' id='word_1_119' title='bbox 516 2140 665 2198; x_wconf 85' lang='lat' dir='ltr'><strong>inmanem</strong></span> <span class='ocrx_word' id='word_1_120' title='bbox 686 2139 855 2218; x_wconf 83' lang='lat' dir='ltr'><strong>gladiosque</strong></span> <span class='ocrx_word' id='word_1_121' title='bbox 877 2139 1024 2200; x_wconf 90' lang='lat' dir='ltr'><strong>Molossos</strong></span> 
     </span>
     <span class='ocr_line' id='line_1_20' title="bbox 176 2238 936 2315; baseline 0 -19"><span class='ocrx_word' id='word_1_122' title='bbox 176 2239 293 2297; x_wconf 88' lang='lat' dir='ltr'><strong>tandem</strong></span> <span class='ocrx_word' id='word_1_123' title='bbox 315 2257 369 2315; x_wconf 91' lang='lat' dir='ltr'><strong>pro</strong></span> <span class='ocrx_word' id='word_1_124' title='bbox 390 2239 489 2297; x_wconf 90' lang='lat' dir='ltr'><strong>multis</strong></span> <span class='ocrx_word' id='word_1_125' title='bbox 510 2240 558 2296; x_wconf 85' lang='lat' dir='ltr'><strong>vix</strong></span> <span class='ocrx_word' id='word_1_126' title='bbox 579 2238 679 2314; x_wconf 89' lang='lat' dir='ltr'><strong>iugera</strong></span> <span class='ocrx_word' id='word_1_127' title='bbox 700 2239 769 2296; x_wconf 91' lang='lat' dir='ltr'><strong>bina</strong></span> <span class='ocrx_word' id='word_1_128' title='bbox 790 2238 936 2297; x_wconf 83' lang='lat' dir='ltr'><strong>dabantur</strong></span> 
     </span>
     <span class='ocr_line' id='line_1_21' title="bbox 175 2336 1013 2413; baseline 0.004 -20"><span class='ocrx_word' id='word_1_129' title='bbox 175 2337 349 2396; x_wconf 90' lang='lat' dir='ltr'><strong>vulneribus.</strong></span> <span class='ocrx_word' id='word_1_130' title='bbox 398 2354 509 2395; x_wconf 91' lang='lat' dir='ltr'><strong>merces</strong></span> <span class='ocrx_word' id='word_1_131' title='bbox 530 2336 604 2394; x_wconf 88' lang='lat' dir='ltr'><strong>haec</strong></span> <span class='ocrx_word' id='word_1_132' title='bbox 624 2336 775 2412; x_wconf 80' lang='lat' dir='ltr'><strong>sanguinis</strong></span> <span class='ocrx_word' id='word_1_133' title='bbox 797 2347 886 2413; x_wconf 89' lang='lat' dir='ltr'><strong>atque</strong></span> <span class='ocrx_word' id='word_1_134' title='bbox 906 2336 1013 2396; x_wconf 87' lang='lat' dir='ltr'><strong>laboris</strong></span> 
     </span>
     <span class='ocr_line' id='line_1_22' title="bbox 175 2435 971 2512; baseline 0.003 -20"><span class='ocrx_word' id='word_1_135' title='bbox 175 2435 260 2494; x_wconf 91' lang='lat' dir='ltr'><strong>nullis</strong></span> <span class='ocrx_word' id='word_1_136' title='bbox 281 2436 342 2494; x_wconf 89' lang='lat' dir='ltr'><strong>visa</strong></span> <span class='ocrx_word' id='word_1_137' title='bbox 362 2453 503 2512; x_wconf 89' lang='lat' dir='ltr'><strong>umquam</strong></span> <span class='ocrx_word' id='word_1_138' title='bbox 524 2435 633 2492; x_wconf 89' lang='lat' dir='ltr'><strong>meritis</strong></span> <span class='ocrx_word' id='word_1_139' title='bbox 654 2435 751 2493; x_wconf 90' lang='lat' dir='ltr'><strong>minor</strong></span> <span class='ocrx_word' id='word_1_140' title='bbox 771 2445 820 2493; x_wconf 91' lang='lat' dir='ltr'><strong>aut</strong></span> <span class='ocrx_word' id='word_1_141' title='bbox 842 2435 971 2511; x_wconf 80' lang='lat' dir='ltr'><strong>ingratae</strong></span> 
     </span>
     <span class='ocr_line' id='line_1_23' title="bbox 175 2533 901 2611; baseline -0.004 -18"><span class='ocrx_word' id='word_1_142' title='bbox 175 2544 256 2594; x_wconf 89' lang='lat' dir='ltr'><strong>curta</strong></span> <span class='ocrx_word' id='word_1_143' title='bbox 277 2534 349 2593; x_wconf 88' lang='lat' dir='ltr'><strong>fides</strong></span> <span class='ocrx_word' id='word_1_144' title='bbox 370 2535 487 2611; x_wconf 86' lang='lat' dir='ltr'><strong>patriae.</strong></span> <span class='ocrx_word' id='word_1_145' title='bbox 532 2535 680 2592; x_wconf 89' lang='lat' dir='ltr'><strong>saturabat</strong></span> <span class='ocrx_word' id='word_1_146' title='bbox 700 2534 816 2611; x_wconf 90' lang='lat' dir='ltr'><strong>glebula</strong></span> <span class='ocrx_word' id='word_1_147' title='bbox 837 2533 901 2592; x_wconf 82' lang='lat' dir='ltr'><strong>talis</strong></span> 
     </span>
     <span class='ocr_line' id='line_1_24' title="bbox 175 2630 1007 2709; baseline -0.002 -18"><span class='ocrx_word' id='word_1_148' title='bbox 175 2643 287 2708; x_wconf 90' lang='lat' dir='ltr'><strong>patrem</strong></span> <span class='ocrx_word' id='word_1_149' title='bbox 307 2633 405 2709; x_wconf 88' lang='lat' dir='ltr'><strong>ipsum</strong></span> <span class='ocrx_word' id='word_1_150' title='bbox 426 2634 601 2709; x_wconf 86' lang='lat' dir='ltr'><strong>turbamque</strong></span> <span class='ocrx_word' id='word_1_151' title='bbox 622 2650 716 2703; x_wconf 87' lang='lat' dir='ltr'><strong>casae,</strong></span> <span class='ocrx_word' id='word_1_152' title='bbox 733 2649 796 2708; x_wconf 81' lang='lat' dir='ltr'><strong>qua</strong></span> <span class='ocrx_word' id='word_1_153' title='bbox 816 2630 874 2689; x_wconf 83' lang='lat' dir='ltr'><strong>feta</strong></span> <span class='ocrx_word' id='word_1_154' title='bbox 895 2631 1007 2689; x_wconf 87' lang='lat' dir='ltr'><strong>iacebat</strong></span> 
     </span>
     <span class='ocr_line' id='line_1_25' title="bbox 174 2730 863 2808; baseline -0.006 -17"><span class='ocrx_word' id='word_1_155' title='bbox 174 2750 248 2791; x_wconf 88' lang='lat' dir='ltr'><strong>uxor</strong></span> <span class='ocrx_word' id='word_1_156' title='bbox 268 2740 298 2790; x_wconf 93' lang='lat' dir='ltr'><strong>et</strong></span> <span class='ocrx_word' id='word_1_157' title='bbox 317 2730 441 2789; x_wconf 88' lang='lat' dir='ltr'><strong>infantes</strong></span> <span class='ocrx_word' id='word_1_158' title='bbox 462 2730 601 2789; x_wconf 89' lang='lat' dir='ltr'><strong>ludebant</strong></span> <span class='ocrx_word' id='word_1_159' title='bbox 622 2738 765 2808; x_wconf 88' lang='lat' dir='ltr'><strong>quattuor,</strong></span> <span class='ocrx_word' id='word_1_160' title='bbox 786 2747 863 2787; x_wconf 91' lang='lat' dir='ltr'><strong>unus</strong></span> 
     </span>
    </p>

    <p class='ocr_par' dir='ltr' id='par_1_11' title="bbox 173 2826 1018 3104">
     <span class='ocr_line' id='line_1_26' title="bbox 173 2826 1018 2904; baseline -0.005 -16"><span class='ocrx_word' id='word_1_161' title='bbox 173 2830 300 2900; x_wconf 90' lang='lat' dir='ltr'><strong>vernula,</strong></span> <span class='ocrx_word' id='word_1_162' title='bbox 320 2840 378 2888; x_wconf 90' lang='lat' dir='ltr'><strong>tres</strong></span> <span class='ocrx_word' id='word_1_163' title='bbox 399 2829 525 2900; x_wconf 79' lang='lat' dir='ltr'><strong>domini3</strong></span> <span class='ocrx_word' id='word_1_164' title='bbox 551 2827 603 2886; x_wconf 91' lang='lat' dir='ltr'><strong>sed</strong></span> <span class='ocrx_word' id='word_1_165' title='bbox 624 2828 738 2904; x_wconf 88' lang='lat' dir='ltr'><strong>magnis</strong></span> <span class='ocrx_word' id='word_1_166' title='bbox 758 2827 893 2887; x_wconf 82' lang='lat' dir='ltr'><strong>fratribus</strong></span> <span class='ocrx_word' id='word_1_167' title='bbox 913 2826 1018 2885; x_wconf 88' lang='lat' dir='ltr'><strong>horum</strong></span> 
     </span>
     <span class='ocr_line' id='line_1_27' title="bbox 174 2926 898 2989; baseline -0.007 0"><span class='ocrx_word' id='word_1_168' title='bbox 174 2948 192 2988; x_wconf 89' lang='lat' dir='ltr'><strong>a</strong></span> <span class='ocrx_word' id='word_1_169' title='bbox 211 2931 315 2989; x_wconf 94' lang='lat' dir='ltr'><strong>scrobe</strong></span> <span class='ocrx_word' id='word_1_170' title='bbox 336 2928 381 2986; x_wconf 92' lang='lat' dir='ltr'><strong>vel</strong></span> <span class='ocrx_word' id='word_1_171' title='bbox 402 2927 483 2986; x_wconf 94' lang='lat' dir='ltr'><strong>sulco</strong></span> <span class='ocrx_word' id='word_1_172' title='bbox 505 2927 692 2986; x_wconf 90' lang='lat' dir='ltr'><strong>redeuntibus</strong></span> <span class='ocrx_word' id='word_1_173' title='bbox 714 2926 804 2984; x_wconf 86' lang='lat' dir='ltr'><strong>altera</strong></span> <span class='ocrx_word' id='word_1_174' title='bbox 825 2944 898 2984; x_wconf 90' lang='lat' dir='ltr'><strong>cena</strong></span> 
     </span>
     <span class='ocr_line' id='line_1_28' title="bbox 174 3024 918 3104; baseline -0.005 -18"><span class='ocrx_word' id='word_1_175' title='bbox 174 3028 298 3104; x_wconf 87' lang='lat' dir='ltr'><strong>amplior</strong></span> <span class='ocrx_word' id='word_1_176' title='bbox 319 3037 347 3086; x_wconf 90' lang='lat' dir='ltr'><strong>et</strong></span> <span class='ocrx_word' id='word_1_177' title='bbox 367 3027 493 3103; x_wconf 88' lang='lat' dir='ltr'><strong>grandes</strong></span> <span class='ocrx_word' id='word_1_178' title='bbox 513 3025 666 3086; x_wconf 85' lang='lat' dir='ltr'><strong>fumabant</strong></span> <span class='ocrx_word' id='word_1_179' title='bbox 686 3024 814 3101; x_wconf 91' lang='lat' dir='ltr'><strong>pultibus</strong></span> <span class='ocrx_word' id='word_1_180' title='bbox 835 3024 918 3083; x_wconf 88' lang='lat' dir='ltr'><strong>ollae.</strong></span> 
     </span>
    </p>

    <p class='ocr_par' dir='ltr' id='par_1_12' title="bbox 174 3121 978 3594">
     <span class='ocr_line' id='line_1_29' title="bbox 174 3121 978 3203; baseline -0.006 -19"><span class='ocrx_word' id='word_1_181' title='bbox 174 3145 252 3186; x_wconf 90' lang='lat' dir='ltr'><strong>nunc</strong></span> <span class='ocrx_word' id='word_1_182' title='bbox 273 3125 449 3185; x_wconf 84' lang='lat' dir='ltr'><strong>modus⁰hic</strong></span> <span class='ocrx_word' id='word_1_183' title='bbox 471 3126 534 3203; x_wconf 90' lang='lat' dir='ltr'><strong>agri</strong></span> <span class='ocrx_word' id='word_1_184' title='bbox 554 3136 657 3184; x_wconf 89' lang='lat' dir='ltr'><strong>nostro</strong></span> <span class='ocrx_word' id='word_1_185' title='bbox 678 3142 740 3183; x_wconf 92' lang='lat' dir='ltr'><strong>non</strong></span> <span class='ocrx_word' id='word_1_186' title='bbox 761 3123 865 3182; x_wconf 88' lang='lat' dir='ltr'><strong>sufficit</strong></span> <span class='ocrx_word' id='word_1_187' title='bbox 884 3121 978 3181; x_wconf 90' lang='lat' dir='ltr'><strong>horto.</strong></span> 
     </span>
     <span class='ocr_line' id='line_1_30' title="bbox 174 3222 933 3300; baseline -0.005 -18"><span class='ocrx_word' id='word_1_188' title='bbox 174 3226 240 3285; x_wconf 89' lang='lat' dir='ltr'><strong>inde</strong></span> <span class='ocrx_word' id='word_1_189' title='bbox 262 3225 321 3284; x_wconf 81' lang='lat' dir='ltr'><strong>lere</strong></span> <span class='ocrx_word' id='word_1_190' title='bbox 343 3224 484 3284; x_wconf 88' lang='lat' dir='ltr'><strong>scelerum</strong></span> <span class='ocrx_word' id='word_1_191' title='bbox 505 3243 618 3295; x_wconf 88' lang='lat' dir='ltr'><strong>causae,</strong></span> <span class='ocrx_word' id='word_1_192' title='bbox 639 3242 694 3282; x_wconf 91' lang='lat' dir='ltr'><strong>nec</strong></span> <span class='ocrx_word' id='word_1_193' title='bbox 716 3222 800 3300; x_wconf 90' lang='lat' dir='ltr'><strong>plura</strong></span> <span class='ocrx_word' id='word_1_194' title='bbox 821 3239 933 3280; x_wconf 88' lang='lat' dir='ltr'><strong>venena</strong></span> 
     </span>
     <span class='ocr_line' id='line_1_31' title="bbox 174 3321 870 3400; baseline -0.007 -18"><span class='ocrx_word' id='word_1_195' title='bbox 174 3325 289 3384; x_wconf 88' lang='lat' dir='ltr'><strong>miscuit</strong></span> <span class='ocrx_word' id='word_1_196' title='bbox 310 3333 360 3382; x_wconf 86' lang='lat' dir='ltr'><strong>aut</strong></span> <span class='ocrx_word' id='word_1_197' title='bbox 380 3323 456 3382; x_wconf 85' lang='lat' dir='ltr'><strong>ferro</strong></span> <span class='ocrx_word' id='word_1_198' title='bbox 477 3334 623 3400; x_wconf 87' lang='lat' dir='ltr'><strong>grassatur</strong></span> <span class='ocrx_word' id='word_1_199' title='bbox 643 3322 759 3398; x_wconf 88' lang='lat' dir='ltr'><strong>saepius</strong></span> <span class='ocrx_word' id='word_1_200' title='bbox 778 3321 870 3378; x_wconf 91' lang='lat' dir='ltr'><strong>ullum</strong></span> 
     </span>
     <span class='ocr_line' id='line_1_32' title="bbox 174 3416 917 3498; baseline -0.005 -19"><span class='ocrx_word' id='word_1_201' title='bbox 174 3422 320 3481; x_wconf 89' lang='lat' dir='ltr'><strong>humanae</strong></span> <span class='ocrx_word' id='word_1_202' title='bbox 341 3423 446 3480; x_wconf 89' lang='lat' dir='ltr'><strong>mentis</strong></span> <span class='ocrx_word' id='word_1_203' title='bbox 468 3422 569 3479; x_wconf 91' lang='lat' dir='ltr'><strong>vitium</strong></span> <span class='ocrx_word' id='word_1_204' title='bbox 591 3438 680 3498; x_wconf 88' lang='lat' dir='ltr'><strong>quam</strong></span> <span class='ocrx_word' id='word_1_205' title='bbox 702 3437 788 3477; x_wconf 88' lang='lat' dir='ltr'><strong>saeva</strong></span> <span class='ocrx_word' id='word_1_206' title='bbox 808 3416 917 3494; x_wconf 90' lang='lat' dir='ltr'><strong>cupido</strong></span> 
     </span>
     <span class='ocr_line' id='line_1_33' title="bbox 174 3514 909 3594; baseline -0.01 -16"><span class='ocrx_word' id='word_1_207' title='bbox 174 3521 313 3581; x_wconf 87' lang='lat' dir='ltr'><strong>inmodici</strong></span> <span class='ocrx_word' id='word_1_208' title='bbox 334 3538 447 3580; x_wconf 83' lang='lat' dir='ltr'><strong>census</strong></span> <span class='ocrx_word' id='word_1_209' title='bbox 497 3538 567 3577; x_wconf 90' lang='lat' dir='ltr'><strong>nam</strong></span> <span class='ocrx_word' id='word_1_210' title='bbox 588 3519 667 3577; x_wconf 92' lang='lat' dir='ltr'><strong>dives</strong></span> <span class='ocrx_word' id='word_1_211' title='bbox 689 3518 739 3594; x_wconf 94' lang='lat' dir='ltr'><strong>qui</strong></span> <span class='ocrx_word' id='word_1_212' title='bbox 760 3516 821 3575; x_wconf 84' lang='lat' dir='ltr'><strong>lieri</strong></span> <span class='ocrx_word' id='word_1_213' title='bbox 842 3514 909 3584; x_wconf 87' lang='lat' dir='ltr'><strong>vult,</strong></span> 
     </span>
    </p>

    <p class='ocr_par' dir='ltr' id='par_1_13' title="bbox 175 3613 1091 3883">
     <span class='ocr_line' id='line_1_34' title="bbox 175 3613 940 3696; baseline -0.01 -18"><span class='ocrx_word' id='word_1_214' title='bbox 175 3631 202 3678; x_wconf 94' lang='lat' dir='ltr'><strong>et</strong></span> <span class='ocrx_word' id='word_1_215' title='bbox 222 3621 280 3680; x_wconf 90' lang='lat' dir='ltr'><strong>cito</strong></span> <span class='ocrx_word' id='word_1_216' title='bbox 302 3619 362 3678; x_wconf 91' lang='lat' dir='ltr'><strong>vult</strong></span> <span class='ocrx_word' id='word_1_217' title='bbox 382 3619 461 3678; x_wconf 90' lang='lat' dir='ltr'><strong>fieri:</strong></span> <span class='ocrx_word' id='word_1_218' title='bbox 486 3619 538 3677; x_wconf 93' lang='lat' dir='ltr'><strong>sed</strong></span> <span class='ocrx_word' id='word_1_219' title='bbox 560 3636 635 3696; x_wconf 88' lang='lat' dir='ltr'><strong>quae</strong></span> <span class='ocrx_word' id='word_1_220' title='bbox 656 3615 813 3675; x_wconf 89' lang='lat' dir='ltr'><strong>reverentia</strong></span> <span class='ocrx_word' id='word_1_221' title='bbox 834 3613 940 3689; x_wconf 82' lang='lat' dir='ltr'><strong>legum,</strong></span> 
     </span>
     <span class='ocr_line' id='line_1_35' title="bbox 175 3711 1091 3795; baseline -0.008 -18"><span class='ocrx_word' id='word_1_222' title='bbox 175 3719 237 3795; x_wconf 92' lang='lat' dir='ltr'><strong>quis</strong></span> <span class='ocrx_word' id='word_1_223' title='bbox 259 3728 354 3777; x_wconf 92' lang='lat' dir='ltr'><strong>metus</strong></span> <span class='ocrx_word' id='word_1_224' title='bbox 375 3727 424 3776; x_wconf 90' lang='lat' dir='ltr'><strong>aut</strong></span> <span class='ocrx_word' id='word_1_225' title='bbox 445 3717 540 3794; x_wconf 93' lang='lat' dir='ltr'><strong>pudor</strong></span> <span class='ocrx_word' id='word_1_226' title='bbox 561 3725 604 3775; x_wconf 91' lang='lat' dir='ltr'><strong>est</strong></span> <span class='ocrx_word' id='word_1_227' title='bbox 624 3731 765 3791; x_wconf 88' lang='lat' dir='ltr'><strong>umquam</strong></span> <span class='ocrx_word' id='word_1_228' title='bbox 787 3711 970 3789; x_wconf 85' lang='lat' dir='ltr'><strong>properantis</strong></span> <span class='ocrx_word' id='word_1_229' title='bbox 993 3711 1091 3770; x_wconf 78' lang='lat' dir='ltr'><strong>avari?</strong></span> 
     </span>
     <span class='ocr_line' id='line_1_36' title="bbox 177 3811 837 3883; baseline -0.012 -8"><span class='ocrx_word' id='word_1_230' title='bbox 177 3818 276 3876; x_wconf 90' lang='lat' dir='ltr'><strong>‘vivite</strong></span> <span class='ocrx_word' id='word_1_231' title='bbox 298 3816 428 3876; x_wconf 90' lang='lat' dir='ltr'><strong>contenti</strong></span> <span class='ocrx_word' id='word_1_232' title='bbox 448 3815 553 3875; x_wconf 92' lang='lat' dir='ltr'><strong>casulis</strong></span> <span class='ocrx_word' id='word_1_233' title='bbox 574 3824 602 3873; x_wconf 92' lang='lat' dir='ltr'><strong>et</strong></span> <span class='ocrx_word' id='word_1_234' title='bbox 624 3813 747 3872; x_wconf 93' lang='lat' dir='ltr'><strong>collibus</strong></span> <span class='ocrx_word' id='word_1_235' title='bbox 768 3811 837 3883; x_wconf 75' lang='lat' dir='ltr'><strong>istis,</strong></span> 
     </span>
    </p>
   </div>
   <div class='ocr_carea' id='block_1_3' title="bbox 0 0 1362 4350">
    <p class='ocr_par' dir='ltr' id='par_1_14' title="bbox 0 0 1362 4350">
     <span class='ocr_line' id='line_1_37' title="bbox 0 0 1362 4350; baseline 0 0"><span class='ocrx_word' id='word_1_236' title='bbox 0 0 1362 4350; x_wconf 95' lang='lat' dir='ltr'><strong> </strong></span> 
     </span>
    </p>
   </div>
  </div>
 </body>
</html>
