2714 4350
231 318 271 406 84
533 337 572 392 a.
595 336 714 392 rurum
730 335 975 394 revertaris

292 498 390 557 Primo
411 499 468 575 fige
489 497 564 571 loca,
585 501 666 577 quod
686 511 717 559 tu
739 501 919 561 discumbere
939 503 1034 561 iussus

230 598 395 658 mercedem
417 598 540 657 solidam
560 609 690 658 veterum
711 602 792 677 capis
812 601 983 661 officiorum.

227 698 338 756 fructus
359 697 501 756 amicitiae
522 715 648 774 magnae
669 699 768 771 cibus;
792 700 906 775 inputat
927 699 1007 758 hunc
1027 716 1079 757 rex

228 806 256 854 et
278 795 411 873 quamvis
431 814 528 854 rarum
548 805 647 854 tamen
668 797 789 873 inputat.
831 816 901 873 ergo
923 797 997 857 duos
1018 805 1086 873 post
1239 809 1276 868 '¹5

228 896 253 954 si
274 895 356 954 libuit
377 912 493 952 menses
514 896 679 971 neglectum
700 895 837 956 adhibere
858 896 1003 968 clientem,

229 995 311 1053 tertia
331 1012 368 1052 ne
389 1010 482 1051 vacuo
504 1004 630 1051 cessaret
650 994 757 1053 culcita
777 994 871 1053 lecto:

230 1098 307 1151 ‘una
328 1089 432 1151 simus’
454 1091 501 1149 ait.
543 1101 678 1150 votorum
699 1111 823 1151 summa.
867 1091 938 1170 quid
958 1092 1033 1150 ultra

229 1192 361 1269 quaeris?
387 1189 474 1248 habet
495 1189 631 1262 Trebius,
653 1202 772 1267 propter
792 1192 874 1269 quod
894 1209 1031 1268 rumpere
1052 1209 1190 1249 somnum

229 1295 332 1351 debeat
352 1299 381 1348 et
401 1289 505 1365 ligulas
526 1287 678 1361 dimittere,
700 1290 839 1350 sollicitus
861 1309 898 1349 ne

228 1401 289 1450 tota
310 1388 457 1448 salutatrix
478 1388 536 1445 iam
558 1389 642 1446 turba
663 1389 806 1466 peregerit
827 1390 929 1448 orbem

228 1489 368 1548 sideribus
389 1487 483 1544 dubiis
505 1495 554 1544 aut
574 1485 623 1543 illo
645 1496 784 1562 ternpore,
800 1505 866 1563 >quo
888 1505 920 1545 se

227 1587 329 1663 frigida
350 1586 551 1660 circumagunt
571 1585 645 1661 pigri
666 1603 780 1644 serraca
799 1585 918 1644 Bootae.

227 1686 321 1764 qualis
343 1703 416 1742 cena
436 1683 555 1741 tamen?
580 1684 686 1754 vinum,
709 1684 789 1761 quod
811 1684 910 1742 sucida
931 1683 991 1743 noli

226 1786 293 1844 lana
314 1784 391 1860 pati:
417 1782 453 1840 de
473 1782 594 1840 conviva
615 1781 782 1858 Corybanta
800 1783 917 1842 videbis.

177 1866 181 1872 ’
226 1882 317 1959 iurgia
336 1879 511 1957 proludunt;
537 1879 589 1938 sed
610 1898 680 1938 mox
702 1890 731 1938 et
751 1880 859 1956 pocula
879 1889 998 1956 torques

227 1979 343 2038 saucius
364 1988 393 2037 et
414 1981 500 2037 rubra
521 1978 653 2056 deterges
674 1978 791 2037 vulnera
812 1997 929 2055 mappa,

226 2078 300 2134 inter
320 2095 373 2135 vos
395 2077 528 2153 quotiens
550 2078 774 2152 libertorumque
795 2076 947 2136 cohortem

228 2193 329 2251 pugna
351 2174 512 2251 Saguntina
532 2169 621 2234 fervet
641 2176 801 2234 commissa
821 2174 938 2251 lagona.

227 2274 289 2349 ipse
310 2273 445 2349 capillato
467 2273 605 2332 diffusum
628 2273 749 2332 consule
771 2283 851 2349 potat

228 2372 427 2446 calcatamque
448 2379 528 2428 tenet
548 2371 630 2429 bellis
653 2371 810 2430 socialibus
831 2389 929 2443 uvam,

227 2468 360 2528 cardiaco
381 2486 542 2545 numquam
564 2468 700 2544 cyathum
722 2469 862 2541 missurus
884 2469 998 2539 amico;

226 2586 290 2627 cras
311 2569 393 2626 bibet
411 2568 532 2625 Albanis
553 2568 661 2645 ahquid
682 2568 718 2626 de
740 2568 889 2626 montibus
911 2578 960 2626 aut
981 2567 1018 2626 de

228 2667 340 2738 Setinis,
362 2667 444 2724 cuius
465 2668 587 2743 patriam
609 2667 782 2743 titulumque
803 2678 938 2726 senectus

162 2788 165 2793 ·
226 2765 330 2824 delevit
351 2764 441 2822 multa
462 2765 564 2823 veteris
586 2763 705 2840 fuligine
726 2774 825 2836 testae,

227 2863 312 2940 quale
334 2863 464 2921 coronati
485 2862 617 2920 Thrasea
639 2857 850 2939 Helvidiusque
870 2862 1010 2921 bibebant

227 2961 385 3020 Brutorum
405 2970 433 3018 et
454 2960 541 3020 Cassi
559 2961 711 3018 natalibus.
753 2962 818 3038 ipse
838 2979 963 3037 capaces

228 3058 387 3119 Heliadum
408 3068 519 3116 crustas
540 3066 568 3116 et
588 3058 754 3134 inaequales
776 3058 887 3117 berullo

227 3158 314 3217 Virro
335 3167 414 3216 tenet
435 3156 565 3233 phialas:
591 3156 642 3213 tibi
663 3175 725 3214 non
747 3157 937 3216 committitur
957 3174 1072 3228 aurum,

228 3257 272 3315 vel
293 3256 317 3315 si
338 3257 458 3333 quando
479 3255 570 3326 datur,
589 3264 686 3314 custos
708 3255 820 3314 adfixus
841 3255 958 3325 ibidem,

229 3355 279 3430 qui
301 3364 433 3412 numeret
453 3371 593 3430 gemmea,
611 3372 728 3429 ungues
749 3355 881 3412 observet
902 3363 1011 3412 acutos

230 3454 268 3510 da
288 3453 418 3511 veniam:
443 3453 601 3530 praeclara.
614 3453 653 3510 illi
674 3453 809 3511 laudatur
829 3452 926 3529 iaspis

230 3569 299 3607 nam
320 3549 415 3620 Virro,
437 3561 469 3609 ut
488 3551 578 3623 multi,
601 3569 732 3627 gemmas
754 3550 791 3608 ad
812 3551 919 3626 pocula
940 3548 1072 3608 transfert

230 3667 248 3706 a
269 3649 372 3724 digitis,
394 3667 467 3724 quas
488 3650 518 3707 in
539 3643 660 3724 vaginae
681 3649 775 3708 fronte
796 3649 907 3708 solebat

230 3763 338 3823 ponere
360 3747 492 3823 zelotypo
513 3747 622 3805 iuvenis
643 3747 788 3823 praelatus
809 3747 929 3806 Iarbae:

230 3855 261 3903 tu
283 3843 478 3904 Beneventani
499 3845 605 3904 sutoris
625 3863 734 3903 nomen
755 3846 911 3904 habentem
