2714 4350
230 354 273 418 68
533 358 572 415 D.
595 356 712 442 IVNII
729 357 965 413 IUVENALIS

228 526 345 602 agnitus
366 524 500 600 accipies.
544 524 624 582 iubet
643 541 662 581 a
682 541 828 600 praecone
849 523 946 583 vocari

227 627 308 701 ipsos
330 623 516 700 Troiugenas
537 619 620 701 (nam
640 632 747 681 vexant
767 621 855 680 limen
876 632 905 680 et
926 622 982 698 ipsi

227 724 384 782 nobiscum
396 720 416 802 ε)
438 705 494 780 ‘da
515 720 651 799 praetori,
672 719 710 779 da
731 720 837 779 deinde
857 720 992 780 tribuno!

228 822 281 881 sed
300 821 449 880 libertinus
470 820 548 897 prior
568 828 620 878 est.
663 818 776 896 ‘prior,’
796 820 899 897 inquit,
921 824 994 895 ‘ego
1015 819 1129 878 adsum.

227 938 279 979 cur
299 920 417 979 timeam
438 919 603 978 dubitemve
624 918 723 977 locum
745 918 910 991 defendere,
933 918 1064 995 quamvis

228 1028 314 1078 natus
335 1019 373 1077 ad
392 1017 527 1095 Euphra
527 1036 574 1087 en
595 1017 700 1076 molles
720 1016 831 1094 quod
823 1033 940 1075 maure
961 1016 1104 1076 fenestrae

229 1117 384 1193 arguerint,
405 1116 500 1176 licet
492 1135 556 1193 rpse
577 1134 685 1192 negem
693 1116 714 1202 ll
726 1115 778 1175 sed
799 1116 929 1192 quinque
950 1116 1087 1174 tabernae

229 1216 441 1292 quadringenta
462 1223 574 1291 parant
586 1196 592 1302 Ι
617 1214 688 1290 quid
709 1213 821 1273 confert
843 1232 971 1290 purpura
992 1214 1085 1272 maior

228 1314 442 1390 optandum,
420 1332 444 1373 sr
465 1313 603 1372 Laurenti
624 1313 776 1372 custodit'
769 1331 799 1370 ιιι
820 1331 891 1387 agro

228 1414 390 1474 conductas
412 1413 555 1473 Corvinus
576 1431 653 1484 oves,
675 1429 732 1488 ego
754 1412 892 1488 possideo
913 1410 979 1487 plus

228 1512 357 1571 Pallante
379 1522 409 1571 et
429 1509 569 1570 Licinisl'
599 1520 770 1587 exspectent
790 1528 863 1586 ergo
883 1510 998 1581 tribuni,

228 1613 347 1671 vineant
367 1611 491 1682 divitiae,
514 1628 597 1668 sacro
618 1629 656 1668 ne
677 1609 762 1669 cedat
782 1609 896 1681 honori,

229 1729 323 1788 nuper
339 1711 370 1768 in
391 1709 467 1769 hanc
488 1710 591 1767 urbem
612 1708 736 1785 pedibus
757 1709 807 1784 qui
828 1715 945 1766 venerat
966 1706 1049 1778 albis,

228 1807 469 1885 quandoquidem
489 1807 564 1866 inter
584 1824 640 1867 nos
660 1806 843 1865 sanctissima
865 1804 1029 1864 divitiarum

228 1907 373 1980 maiestas,
395 1907 460 2017 etsi
412 1905 584 1965 tfunesta
605 1904 740 1993 pecunia
752 1904 863 1981 templo

229 2004 361 2063 nondum
381 1961 516 2081 33133ιῖ
526 2003 620 2062 nullas
641 2011 830 2062 nummorum
850 2002 995 2062 ereximus
1016 2019 1090 2072 aras,

228 2113 259 2161 ut
280 2103 383 2162 colitur
403 2102 516 2161 Paxt
487 2113 573 2178 atque
594 2101 681 2162 Fides
701 2100 832 2161 Victoria
852 2100 952 2161 Virtus

228 2220 362 2278 quaeque
383 2200 506 2260 salutato
528 2201 649 2277 crepitat
669 2199 838 2261 Concordia
858 2201 938 2262 nido.

229 2299 281 2358 sed
303 2317 371 2358 cum
392 2317 524 2357 summus
544 2297 641 2357 honor
660 2299 742 2358 finito
763 2309 912 2376 computet
933 2318 1021 2372 anno,

229 2397 358 2473 sportula
378 2396 449 2474 quid
469 2396 580 2468 referat,
603 2407 744 2473 quantum
765 2399 925 2458 rationibus
947 2400 1044 2472 addat,

230 2496 302 2573 quid
321 2495 428 2555 facient
449 2495 579 2566 comites,
601 2495 706 2570 quibus
726 2495 793 2556 hinc
813 2507 893 2574 toga,
915 2497 1033 2574 calceus
1054 2496 1122 2556 hinc
1144 2503 1187 2556 e'st

230 2604 259 2653 et
279 2594 363 2671 panis
384 2593 538 2670 fumusque
558 2593 659 2652 domi?
681 2593 853 2655 densissima
872 2605 992 2656 centum
1020 2642 1025 2648 .

230 2693 406 2771 quadrantes
425 2691 528 2751 lectica
549 2691 627 2768 petit,
648 2693 834 2770 sequiturque
855 2695 992 2754 maritum

228 2792 367 2870 languida
387 2790 431 2850 vel
452 2808 595 2867 praegnas
615 2800 645 2850 et
665 2791 889 2851 circumducitur
908 2812 992 2854 uxor.

228 2892 275 2952 hic
297 2890 368 2968 petit
388 2889 501 2948 absenti
522 2899 593 2948 nota
613 2889 672 2947 iam
694 2889 814 2950 callidus
834 2901 905 2963 arte,

228 2990 385 3049 ostendens
406 3004 528 3047 vacuam
548 2996 578 3045 et
598 2986 728 3047 clausam
748 3006 803 3064 pro
825 2989 952 3066 coniuge
973 2988 1086 3049 sellam.

229 3086 333 3148 ‘Galla
352 3105 419 3145 mea
440 3085 500 3156 est,'
522 3085 623 3161 inquit,
640 3085 741 3144 ‘citius
762 3085 884 3146 dimitte.
926 3087 1069 3146 moraris?

228 3186 325 3263 profer
346 3184 430 3245 Galla
451 3185 555 3260 caputl
578 3183 638 3243 noli
660 3201 774 3256 vexare,
796 3183 946 3262 quiescet!

289 3283 358 3360 Ipse
379 3284 440 3343 dies
462 3282 583 3360 pulchro
605 3282 787 3358 distinguitur
808 3283 909 3343 ordine
930 3302 1046 3343 rerum:

227 3382 364 3458 sportula,
386 3382 491 3442 deinde
511 3380 609 3441 forum
630 3382 758 3459 iurisque
775 3382 1012 3468 peritusApollo

228 3491 315 3558 atque
335 3481 532 3559 triumphales,
553 3482 628 3540 inter
649 3496 723 3559 quas
745 3499 831 3540 ausus
854 3481 961 3541 habere

227 3579 327 3638 nescio
348 3579 412 3657 quis
432 3580 530 3639 titulos
549 3581 711 3657 Aegyptius
733 3589 819 3658 atque
840 3580 1034 3641 Arabarches.

227 3676 372 3737 vestibulis
392 3679 500 3736 abeunt
520 3690 629 3739 veteres
650 3679 776 3757 lassique
796 3679 916 3740 clientes

227 3786 351 3854 votaque
372 3775 532 3852 deponunt,
554 3796 735 3856 quamquam
755 3778 925 3855 longissima
946 3796 1037 3838 cenae

228 3893 294 3954 spes
314 3874 445 3936 homini:
467 3875 558 3936 caulis
579 3875 693 3937 miseris
713 3886 800 3956 atque
821 3877 898 3957 ignis
920 3875 1071 3938 emendus.
