2714 4350
505 300 676 358 sarrana
698 302 774 358 ΧΠ.
791 292 885 379 8-79.

173 475 202 526 et
222 465 345 542 dignum
365 465 477 525 sitiente
499 465 591 526 Pholo
612 465 657 525 vel
677 466 801 542 coniuge
822 465 918 538 Fusci,

173 563 249 623 adde
270 573 299 623 et
320 565 482 624 bascaudas
503 574 531 625 et
552 563 630 623 mille
651 565 771 635 escaria,
792 564 917 624 multum

173 663 283 735 caelati,
306 663 417 723 biberat
437 682 497 740 quo
518 663 637 724 callidus
658 673 773 739 emptor
794 662 921 741 Olynthi

174 762 226 822 sed
247 763 311 839 quis
331 780 411 821 nunc
431 763 512 834 alius,
533 781 591 840 qua
612 763 716 821 mundi
735 772 816 840 parte
838 764 903 840 quis
925 763 1013 824 audet

173 867 296 934 argento
316 857 459 935 praeferre
481 867 570 934 caput
590 859 738 935 rebusque
759 858 902 918 salutem?

176 951 251 1037 [non
271 967 390 1034 propter
409 958 498 1016 vitam
519 957 627 1016 faciunt
647 958 823 1034 patrimonia
843 958 972 1034 quidam,

175 1055 226 1115 sed
246 1056 315 1115 vitio
337 1057 416 1115 caeci
437 1066 554 1133 propter
573 1056 748 1132 patrimonia
768 1053 889 1138 vivunt.]

173 1151 295 1210 iactatur
314 1169 412 1208 rerum
432 1150 545 1210 utilium
565 1169 634 1227 pars
655 1151 793 1221 maxima,
815 1152 867 1209 sed
888 1170 943 1210 nec

174 1248 283 1306 damna
303 1247 407 1307 levant.
449 1258 518 1307 tunc
540 1249 667 1307 adversis
687 1249 879 1324 urguentibus
900 1249 969 1308 illuc

174 1347 292 1407 reccidit
311 1355 343 1404 ut
363 1347 474 1405 malum
496 1346 573 1405 ferro
594 1347 794 1420 summitteret,
815 1365 850 1406 ac
866 1366 897 1406 se

175 1446 298 1524 explicat
318 1456 492 1522 angustum:
515 1446 689 1505 discriminis
711 1445 820 1517 ultima,
842 1445 962 1524 quando

175 1544 319 1621 praesidia
335 1542 492 1602 adferimus
513 1562 619 1603 navem
639 1544 751 1603 factura
772 1546 925 1604 minorem.

175 1644 185 1702 i
204 1662 283 1702 nunc
304 1653 332 1702 et
352 1643 444 1702 ventis
464 1643 593 1701 animam
611 1644 767 1716 committe,
790 1643 889 1704 dolato

176 1742 304 1801 confisus
323 1741 413 1817 ligno,
434 1741 530 1817 digitis
551 1760 569 1800 a
590 1753 684 1801 morte
706 1752 835 1802 remotus

176 1851 311 1918 quattuor
331 1850 380 1899 aut
401 1849 522 1916 septem,
545 1840 569 1900 si
590 1841 625 1899 sit
646 1840 783 1900 latissima
803 1841 905 1913 taeda3

176 1927 246 1999 mor
267 1957 336 1999 cum
356 1939 480 2003 reticulis
501 1948 530 1999 et
550 1958 626 2017 pane
648 1950 677 1999 et
696 1950 795 1999 ventre
815 1941 942 2017 lagonae

176 2037 274 2113 aspice
296 2037 454 2096 sumendas
474 2037 507 2095 in
526 2047 697 2114 tempestate
719 2056 842 2097 secures.

176 2136 227 2194 sed
246 2145 404 2214 postquam
424 2137 512 2196 iacuit
532 2136 653 2213 planum
674 2155 762 2208 mare,
783 2146 916 2214 tempora
935 2145 1092 2214 postquam

176 2251 316 2310 prospera
336 2234 459 2294 vectoris
479 2234 630 2312 fatumque
650 2235 793 2294 valentius
814 2253 885 2296 euro

174 2343 204 2395 et
223 2333 340 2410 pelag0,
361 2343 518 2410 postquam
539 2333 647 2392 Parcae
667 2335 789 2393 meliora
810 2335 939 2411 benigna

173 2448 267 2508 pensa
287 2449 378 2490 manu
399 2432 508 2490 ducunt
529 2432 632 2490 hilares
653 2443 682 2492 et
704 2435 833 2492 staminis
854 2434 912 2493 albi

176 2530 316 2604 lanificae,
337 2530 456 2590 modica
475 2549 530 2589 nec
552 2531 676 2590 multum
697 2531 796 2591 fortior
816 2551 887 2592 aura

175 2639 278 2689 ventus
298 2628 389 2700 adest,
410 2629 492 2706 inopi
513 2629 682 2700 miserabilis
703 2641 764 2689 arte
785 2633 911 2690 cucurrit

176 2729 303 2788 vestibus
323 2728 448 2786 extentis
467 2737 504 2799 et,
526 2729 605 2805 quod
628 2740 810 2805 superaverat
826 2748 927 2802 unum,

176 2823 239 2883 velo
259 2841 347 2900 prora
368 2841 431 2882 suo.
472 2825 531 2883 iam
552 2820 751 2885 deficientibus
772 2828 886 2901 austris,

176 2942 242 3000 spes
263 2923 338 2980 vitae
359 2940 427 2981 cum
448 2923 508 2981 sole
529 2923 609 2982 redit.
651 2935 720 2984 tunc
741 2936 840 3002 gratus
862 2925 926 2984 Iulo

178 3033 262 3100 atque
283 3021 428 3080 novercali
449 3021 532 3080 sedes
552 3021 681 3098 praelata
702 3022 825 3083 Lavinio

177 3121 354 3197 conspicitur
374 3119 503 3177 sublimis
524 3137 607 3196 apex,
623 3120 678 3177 ¹cui
698 3121 824 3180 candida
845 3138 956 3179 nomen

178 3219 273 3280 scrofa
292 3217 380 3288 dedit,
402 3217 483 3276 laetis
504 3216 666 3293 Phrygibus
688 3219 818 3278 mirabile
840 3236 953 3289 sumen,

178 3330 204 3378 et
224 3335 388 3393 numquam
408 3316 476 3374 visis
497 3317 615 3392 triginta
636 3316 713 3375 clara
733 3317 877 3376 mamillis.

176 3416 295 3476 tandem
315 3415 402 3474 intrat
422 3415 532 3492 positas
553 3414 664 3473 inclusa
685 3433 738 3492 per
757 3433 884 3492 aequora
905 3413 998 3473 moles

177 3513 419 3592 Tyrrhenamque
439 3514 552 3591 pharon
572 3524 761 3592 porrectaque
782 3513 900 3572 brachia
921 3531 1043 3585 rursum,

177 3630 250 3689 quae
272 3611 379 3688 pelago
399 3621 553 3671 occurrunt
574 3612 671 3672 medio
691 3612 837 3689 longeque
856 3611 1022 3688 relinquunt

178 3710 396 3770 Italiam—non
416 3711 457 3769 sic
479 3711 565 3787 igitur
587 3711 729 3770 mirabere
743 3720 844 3788 portus

178 3827 251 3887 quos
273 3819 377 3869 natura
397 3809 578 3883 dedit-sed
598 3819 701 3869 trunca
721 3828 821 3888 puppe
842 3808 981 3886 magister
