2714 4350
206 345 249 410 90
505 335 544 392 D.
568 335 686 390 IUNII
702 335 937 390 IUVENALIS

206 506 324 575 propter
345 497 422 555 mille
443 516 546 570 annos,
567 499 641 559 etsi
664 500 817 559 dulcedine
837 499 933 560 lamae

206 614 363 656 succensus
384 596 495 668 recites
516 598 679 658 maculosas
701 599 870 657 commodat
889 598 993 658 aedes:

206 693 279 753 haec
300 694 387 772 longe
407 694 512 754 ferrata
532 697 637 756 domus
658 697 763 756 servire
783 696 905 766 iubetur,

206 793 237 851 in
258 812 316 870 qua
336 794 470 852 sollicitas
491 794 618 856 imitatur
638 795 727 855 ianua
747 805 857 871 portas.

207 893 259 951 scit
282 893 350 952 dare
371 893 488 953 libertos
509 904 637 954 extrema
658 895 688 953 in
709 903 789 969 parte
811 892 937 955 sedentis

206 991 317 1052 ordinis
337 1001 366 1050 et
386 1010 509 1068 magnas
531 993 671 1052 comitum
693 992 846 1067 disponere
867 1009 971 1064 voces3

207 1108 294 1149 nemo
316 1090 395 1149 dabit
415 1109 516 1167 regum
537 1091 637 1167 quanti
659 1090 794 1151 subsellia
814 1099 950 1151 constant

208 1199 237 1248 et
257 1207 331 1265 quae
352 1189 499 1247 conducto
520 1188 647 1265 pendent
668 1187 827 1249 anabathra
848 1187 939 1264 tigillo

208 1304 342 1362 quaeque
363 1286 544 1362 reportandis
564 1287 660 1362 posita
681 1296 724 1346 est
744 1285 891 1346 orchestra
913 1285 1063 1347 cathedris.

208 1403 263 1444 nos
283 1395 382 1443 tamen
404 1385 460 1443 hoc
482 1386 595 1460 agimus
615 1385 750 1461 tenuique
769 1384 802 1443 >in
823 1385 938 1460 pulvere
959 1385 1054 1446 sulcos

208 1483 342 1541 ducimus
363 1494 391 1541 et
411 1484 476 1542 litus
498 1484 584 1541 sterili
605 1501 752 1545 versamus
773 1493 877 1547 aratro.

208 1600 278 1642 nam
299 1583 322 1641 si
344 1582 484 1653 discedas,
506 1582 611 1658 laqueo
631 1591 710 1643 tenet
731 1581 914 1642 ambitiosum

211 1676 406 1762 [consuetudo
427 1682 496 1739 mali
503 1701 511 1754 ;
537 1691 615 1740 tenet
635 1680 796 1742 insanabile
817 1677 936 1760 multos]

209 1780 354 1838 scribendi
376 1780 530 1838 cacoethes
550 1789 579 1839 et
599 1797 688 1855 aegro
709 1778 740 1839 in
761 1778 849 1839 eorde
871 1777 1003 1849 senescit.

210 1877 263 1937 sed
284 1888 379 1936 vatem
399 1878 555 1954 egregium,
578 1878 624 1937 cui
646 1895 707 1938 non
728 1877 765 1934 sit
785 1876 901 1952 publica
922 1893 1006 1946 vena,

210 1977 260 2053 qui
281 1976 322 2033 nil
342 1977 506 2051 expositum
529 1976 619 2036 soleat
640 1975 794 2045 deducere,
816 1992 870 2034 nec
891 1974 941 2050 qui

210 2074 361 2133 communi
382 2074 463 2133 feriat
484 2093 601 2134 carmen
622 2074 731 2133 triviale
751 2082 880 2144 moneta,

209 2172 296 2244 hunc,
318 2172 435 2248 qualem
456 2191 571 2249 nequeo
592 2182 753 2232 monstrare
772 2181 801 2232 et
823 2171 915 2234 sentio
936 2180 1058 2242 tantum,

211 2271 354 2328 anxietate
375 2288 477 2328 carens
498 2271 613 2330 animus
634 2270 710 2341 facit,
732 2271 829 2330 onmis
849 2270 947 2329 acerbi

210 2369 372 2445 impatiens,
394 2368 516 2444 cupidus
537 2369 671 2427 silvarum
692 2378 834 2445 aptusque
855 2368 989 2431 bibendis

211 2467 341 2526 fontibus
362 2466 520 2526 Aonidum.
550 2485 646 2543 nsque
668 2470 747 2526 enim
767 2477 884 2528 cantare
907 2467 961 2528 sub
981 2475 1067 2530 antro

211 2566 306 2624 Pierio
327 2564 515 2642 thyrsumque
538 2577 632 2642 potest
654 2568 821 2642 contingere
843 2574 953 2626 maesta

210 2675 365 2741 paupertas
386 2677 472 2742 atque
493 2667 566 2728 aeris
587 2666 681 2743 inope,
704 2684 763 2743 quo
784 2674 870 2725 nocte
891 2665 997 2741 dieque

211 2781 319 2839 corpus
339 2773 413 2839 eget.
449 2774 526 2824 satur
543 2773 594 2834 est,
616 2784 684 2825 curn
706 2765 774 2824 dicit
795 2763 935 2825 Horatius
957 2763 1097 2825 ‘euhoel'

211 2862 261 2938 qui
282 2862 364 2922 locus
385 2863 511 2939 ingenio,
533 2864 588 2923 nisi
609 2882 677 2923 cum
698 2882 729 2924 se
751 2863 879 2923 carmine
900 2863 963 2923 solo

211 2970 316 3019 vexant
337 2972 366 3018 et
386 2962 511 3020 dominis
533 2961 630 3023 Cirrae
652 2961 808 3038 Nysaeque
830 2961 958 3021 seruntur

211 3070 331 3135 pectora
351 3069 443 3117 vestra
464 3059 536 3120 duas
557 3077 619 3121 non
634 3058 820 3119 admittentia
841 3059 945 3121 curari

212 3177 338 3234 magnae
358 3159 464 3216 mentis
484 3176 560 3234 opus
581 3175 636 3217 nec
658 3156 693 3215 de
715 3157 810 3219 lodice
831 3157 962 3234 paranda

212 3257 359 3329 attonitae,
381 3274 481 3316 currus
495 3266 530 3314 et
551 3274 642 3334 equos
664 3255 809 3332 faciesque
830 3256 949 3318 deorum

213 3355 342 3431 aspicere
364 3363 392 3412 et
412 3355 505 3430 qualis
527 3353 668 3415 Rutulum
689 3353 848 3415 confundat
867 3352 981 3429 Erinys.

213 3470 282 3510 narn
303 3453 327 3510 si
346 3451 474 3528 Vergilio
496 3472 567 3530 puer
587 3462 616 3513 et
636 3452 783 3512 tolerabile
804 3451 900 3511 desset

212 3551 379 3627 hospitium,
395 3551 536 3611 caderent
556 3570 661 3615 omnes
682 3571 700 3611 a
721 3551 848 3614 crinibus
868 3550 960 3626 hydri,

214 3649 301 3707 surda
321 3649 391 3706 nihil
412 3660 539 3724 gemeret
560 3669 644 3726 grave
666 3651 780 3709 bucina.
815 3649 963 3726 poscimus
984 3657 1017 3706 ut
1036 3647 1073 3713 ait

213 3766 274 3806 non
296 3747 391 3804 minor
411 3748 531 3823 antiquo
553 3747 708 3811 Rubrenus
729 3749 832 3825 Lappa
853 3747 1005 3816 cothurno,

216 3845 298 3905 cuius
319 3856 347 3904 et
368 3844 495 3904 alveolos
516 3854 545 3903 et
564 3846 680 3911 laenam
700 3847 830 3925 pignerat
851 3846 976 3909 Atreus?
