2714 4350
437 299 606 353 SATURA
629 299 690 353 III.
713 292 850 373 65-145.

126 463 232 539 accipit
253 461 472 534 endromidem
501 463 525 520 si
546 461 652 520 dixeris
675 460 830 534 “aestuo”
851 462 944 521 sudat.

125 558 201 644 [non
222 578 322 639 sumus
342 578 412 637 ergo
433 578 533 636 pares:
563 560 673 629 melior,
694 562 745 637 qui
767 578 883 637 semper
904 571 933 620 et
954 556 1049 641 omni]

125 670 212 718 nocte
233 658 337 734 dieque
358 667 453 735 potest
474 658 570 717 aliena
590 677 705 717 sumere
726 659 836 716 vultum

125 778 143 817 a
165 757 248 827 facie,
270 758 376 816 iactare
398 775 513 827 manus,
535 757 652 815 laudare
674 767 800 832 paratus,

125 857 149 915 si
169 856 254 915 trulla
274 857 388 914 inverso
409 856 552 932 crepitum
573 855 652 914 dedit
673 874 760 914 aurea
781 854 882 914 fundo.

125 951 214 1037 [scire
236 954 336 1013 volunt
356 963 466 1012 secreta
487 952 593 1012 domus
614 963 700 1030 atque
720 953 787 1012 inde
810 949 927 1034 timeri]

124 1062 153 1110 et
174 1051 315 1128 quoniam
336 1052 432 1129 coepit
454 1050 634 1111 Graecorum
652 1052 770 1123 mentio,
792 1053 882 1110 transi

124 1151 277 1227 gymnasia
298 1160 386 1226 atque
407 1149 476 1208 audi
499 1148 613 1207 facinus
633 1150 752 1208 maioris
773 1149 895 1208 abollae.

125 1249 232 1307 stoicus
253 1249 358 1308 occidit
378 1248 503 1307 Baream
525 1248 643 1314 delator,
665 1248 793 1306 amicum

125 1346 355 1425 discipulumque
376 1366 476 1419 senex,
498 1347 561 1423 ripa
581 1347 703 1405 nutritus
724 1348 755 1404 in
776 1347 832 1419 illa,

87 1446 96 1453 ”
124 1446 163 1503 ad
184 1464 272 1522 quam
294 1445 447 1522 Gorgonei
469 1444 587 1521 delapsa
608 1453 652 1504 est
672 1446 765 1522 pinna
786 1446 897 1506 caballi.

124 1562 185 1603 non
207 1554 248 1603 est
270 1543 408 1603 Romano
429 1544 567 1622 cuiquam
588 1544 669 1602 locus
690 1543 747 1616 hic,
768 1545 819 1604 ubi
840 1555 942 1621 regnat

123 1641 303 1719 Protogenes
323 1643 427 1720 aliquis
447 1644 492 1701 vel
512 1642 648 1719 Diphilus
668 1653 718 1702 aut
739 1643 949 1715 Hermarchus

124 1741 172 1818 qui
193 1743 288 1817 gentis
309 1742 377 1801 vitio
398 1759 560 1818 numquam
581 1741 700 1817 partitur
721 1742 857 1814 amicum,

123 1839 201 1899 solus
222 1840 326 1914 habet;
349 1859 420 1899 nam
440 1858 510 1899 cum
529 1839 646 1899 facilem
667 1839 780 1899 stillavit
801 1841 832 1898 in
853 1859 955 1899 aurem

123 1940 262 2016 exiguum
283 1939 320 1999 de
341 1949 462 1999 naturae
482 1940 650 2017 patriaeque
671 1957 794 2011 veneno,

123 2037 221 2096 limine
243 2056 436 2108 summoveor,
457 2037 605 2114 perierunt
625 2046 758 2112 tempora
778 2037 861 2113 longi

123 2136 243 2208 servitii3
268 2136 529 2214 nusquamminor
549 2145 593 2194 est
613 2136 724 2194 iactura
743 2135 863 2196 clientis.

187 2232 278 2305 Quod
297 2251 387 2311 porro
407 2233 545 2304 officium,
568 2253 605 2293 ne
626 2235 711 2293 nobis
731 2234 873 2307 blandiar,
896 2244 945 2294 aut
966 2236 1047 2313 quod

122 2334 260 2409 pauperis
281 2332 328 2392 hic
349 2333 494 2405 meritum,
515 2333 540 2391 si
561 2343 641 2391 curet
661 2341 749 2391 nocte
770 2342 887 2410 togatus

123 2451 247 2503 currere,
270 2450 337 2491 cum
357 2440 473 2509 praetor
493 2431 624 2491 lictorem
645 2431 775 2508 impellat
795 2442 824 2490 et
846 2433 887 2491 ire

122 2531 312 2608 praecipitem
332 2531 438 2603 iubeat,
460 2530 573 2589 dudum
593 2529 777 2606 vigilantibus
799 2531 887 2602 orbis,

123 2649 160 2688 ne
182 2630 262 2706 prior
281 2628 421 2688 Albinam
442 2638 471 2688 et
491 2627 626 2687 Modiam
647 2629 760 2706 collega
782 2630 903 2689 salutet?

123 2729 217 2787 divitis
237 2727 285 2787 hic
306 2745 389 2786 servo
410 2726 500 2786 cludit
521 2727 595 2786 latus
616 2727 811 2804 ingenuorum

124 2827 217 2897 filius;
246 2826 319 2885 alter
339 2827 418 2886 enim
439 2835 584 2903 quantum
604 2825 635 2883 in
655 2825 770 2901 legione
791 2826 900 2883 tribuni

124 2925 270 3000 accipiunt
292 2924 383 2983 donat
404 2923 542 2983 Calvinae
563 2923 608 2982 vel
629 2922 776 2982 Catienae.

123 3023 161 3082 da
181 3032 284 3082 testem
305 3022 421 3082 Romae
441 3031 502 3080 tam
522 3031 663 3092 sanctum,
684 3039 773 3098 quam
794 3021 847 3081 fuit
868 3021 975 3097 hospes

123 3122 251 3181 numinis
271 3121 361 3193 Idaei,
382 3120 523 3199 procedat
545 3121 590 3179 vel
611 3120 711 3179 Numa
733 3121 776 3179 vel
797 3120 847 3197 qui

124 3221 245 3280 servavit
265 3220 409 3298 trepidam
430 3219 564 3296 flagranti
584 3238 622 3278 ex
644 3220 716 3279 aede
738 3217 918 3277 Minervam:

123 3319 256 3397 protinus
276 3319 315 3377 ad
336 3336 466 3391 censum,
487 3318 524 3377 de
545 3319 676 3377 moribus
696 3317 796 3375 ultima
816 3317 866 3375 fiet

124 3418 256 3495 quaestio
275 3422 375 3494 “quot
395 3417 488 3494 pascit
509 3418 626 3476 servos?
655 3427 727 3492 quot
748 3415 876 3492 possidet
896 3414 959 3491 agri

124 3515 243 3593 iugera?
264 3532 355 3593 quam
375 3515 466 3573 multa
486 3532 652 3592 magnaque
673 3513 828 3590 paropside
850 3512 977 3571 cenat?¹’

124 3623 267 3697 quantum
287 3612 411 3691 quisque
432 3631 484 3672 sua
504 3631 692 3671 nummorum
713 3621 806 3671 servat
826 3612 858 3668 in
878 3630 956 3682 arca,

124 3721 239 3771 tantum
259 3710 396 3771 habetet
416 3711 491 3770 fidei.
533 3711 609 3770 iures
629 3711 695 3771 licet
716 3719 744 3768 et
766 3709 989 3770 Samothracum

125 3800 155 3869 et
174 3819 341 3871 nostrorum
362 3828 435 3882 aras
456 3820 643 3870 contemnere
665 3808 785 3867 fulmina
806 3827 918 3886 pauper
