2714 4350
459 298 626 355 SATURA
650 291 911 378 XIV.180·249.
1161 307 1221 378 137

173 462 355 539 parcendum
376 471 420 521 est
439 463 562 522 teneris:
585 463 716 523 nondum
737 464 893 540 implevere
913 465 1054 525 medullas
1176 490 1222 539 215

173 571 304 620 maturae
325 560 403 619 mala
422 561 576 638 nequitiae.
624 571 669 620 ast
691 580 760 621 eum
780 546 898 640 pectere
920 565 1041 624 barbam

173 660 304 737 coeperit
323 669 353 718 et
372 660 454 736 longi
475 678 646 718 mucronem
668 659 818 719 admittere
839 663 929 734 cultri,

174 759 263 818 falsus
284 759 338 817 erit
357 759 445 829 testis
466 758 572 818 vendet
592 759 718 836 periuria
739 778 855 820 summa

175 858 280 935 exigua
302 867 330 916 et
352 856 465 916 Cereris
486 865 610 932 tangens
632 876 771 934 aramque
792 860 966 939 pedemque.

172 957 280 1016 elatam
300 956 360 1014 iam
380 955 465 1014 crede
486 972 600 1027 nurum,
621 957 645 1015 si
666 956 767 1015 limina
787 968 881 1017 vestra

175 1054 321 1114 mortifera
342 1072 410 1114 curn
432 1053 500 1113 dote
520 1055 606 1113 subit.
641 1056 747 1133 quibus
767 1056 816 1115 illa
837 1068 982 1133 premetur

175 1173 226 1231 per
248 1171 385 1213 somnum
406 1152 519 1228 digitisl
541 1171 612 1210 nam
631 1171 708 1229 quae
728 1163 862 1232 terraque
882 1157 1013 1233 marique
1081 1231 1084 1237 .

176 1252 358 1329 adquirenda
377 1262 471 1327 putas,
494 1250 608 1310 brevior
628 1253 675 1310 via
695 1252 824 1312 conferet
844 1254 900 1326 illi;

176 1351 272 1411 nullus
293 1350 372 1409 enim
393 1349 492 1425 magni
514 1349 631 1408 sceleris
652 1350 748 1410 labor.
784 1351 883 1411 “haee
905 1371 962 1429 ego
983 1370 1145 1429 numquam

175 1446 338 1520 mandavi,’'
361 1447 440 1506 dices
461 1447 538 1520 olim,
555 1451 639 1508 “nec
660 1449 728 1508 talia
748 1447 851 1508 suasi.'’
1180 1475 1225 1523 225
1326 1499 1328 1503 .

175 1549 281 1608 mentis
301 1547 505 1606 causamalae
525 1556 625 1605 tamen
645 1557 687 1606 est
708 1558 737 1607 et
757 1550 840 1626 origo
860 1568 952 1626 penes
973 1559 1010 1610 te.

175 1666 246 1706 nam
267 1647 397 1724 quisquis
418 1645 519 1722 magni
539 1664 645 1705 census
666 1647 813 1723 praecepit
833 1666 973 1719 amorem,

175 1758 205 1807 et
225 1747 308 1806 laevo
328 1745 442 1804 monitu
463 1763 571 1820 pueros
591 1746 725 1822 producit
745 1765 856 1818 avaros

179 1843 222 1927 [et
242 1846 294 1923 qui
314 1862 367 1921 per
388 1843 504 1902 fraudes
524 1844 700 1920 patrimonia
721 1841 952 1927 conduplicare]

177 1947 226 2005 dat
247 1946 410 2003 libertatem
430 1952 459 2001 et
479 1952 554 2002 totas
575 1943 698 2001 effundit
718 1942 848 2003 habenas

176 2043 335 2114 curriculo;
356 2059 445 2118 quern
466 2041 491 2099 si
511 2060 637 2112 revoces,
659 2042 813 2101 subsistere
835 2043 927 2102 nescit

177 2154 204 2201 et
225 2153 254 2201 te
275 2149 445 2217 contempto
464 2140 573 2216 rapitur
593 2140 736 2217 metisque
756 2141 872 2200 relictis.

178 2259 267 2299 nemo
288 2240 357 2299 satis
377 2239 468 2298 credit
488 2248 602 2297 tantum
623 2239 802 2316 delinquere,
824 2250 966 2318 quantum

177 2339 343 2417 permittas3
365 2339 440 2399 adeo
461 2338 612 2414 indulgent
633 2338 688 2397 sibi
708 2338 791 2397 latius
812 2339 875 2416 ipsi.

179 2456 247 2496 cum
269 2437 341 2497 dicis
362 2437 457 2496 iuveni
479 2436 605 2506 stultum,
627 2436 678 2512 qui
700 2436 790 2494 donet
810 2438 916 2508 amico,

178 2537 228 2614 qui
249 2544 447 2613 paupertatem
467 2535 540 2593 levet
561 2534 731 2610 attollatque
752 2536 916 2612 propinqui,

178 2644 207 2694 et
227 2635 353 2712 spoliare
374 2634 463 2693 doces
484 2643 514 2692 et
534 2634 768 2692 circumscribere
790 2644 818 2692 et
839 2635 921 2692 omni

130 2809 132 2814 Ι
179 2733 298 2793 crimine
320 2732 432 2792 divitias
453 2732 613 2809 adquirere,
634 2751 758 2809 quarum
779 2751 862 2791 amor
883 2733 913 2790 in
934 2742 963 2792 te

178 2840 304 2907 quantus
324 2840 383 2890 erat
403 2831 512 2906 patriae
533 2830 693 2888 Deciorum
714 2831 745 2888 in
765 2842 891 2907 pectore,
914 2841 1055 2907 quantum

179 2929 279 2988 dilexit
300 2929 429 3000 ThebaS,
451 2928 475 2986 si
496 2928 620 2988 Graecia
640 2947 717 2999 vera,
738 2927 934 3002 Menoeceus;
1023 2960 1026 2966 ·

179 3027 209 3084 in
229 3045 356 3103 quorum
377 3027 463 3086 sulcis
484 3026 615 3102 legiones
635 3026 772 3086 dentibus
793 3028 898 3102 anguis

179 3144 247 3185 cum
268 3125 366 3202 clipeis
383 3134 539 3184 nascuntur
559 3134 587 3183 et
608 3124 724 3184 horrida
744 3125 819 3184 bella
841 3134 996 3202 capessunt

180 3224 328 3294 continuo,
349 3234 499 3300 tamquam
519 3231 548 3281 et
568 3224 687 3282 tubicen
708 3224 861 3283 surrexerit
882 3241 948 3282 una.

179 3341 249 3399 ergo
269 3324 377 3398 ignem,
399 3322 480 3380 cuius
502 3322 640 3381 scintillas
661 3316 723 3399 ipse*
744 3322 855 3392 dedisti,

179 3421 353 3498 flagrantem
374 3421 431 3478 late
451 3429 480 3478 et
499 3419 658 3496 rapientem
681 3429 786 3479 cuncta
806 3419 933 3491 videbis;

173 3538 235 3582 tnec
255 3519 308 3578 tibi
328 3528 461 3596 parcetur
481 3519 596 3588 misero,
616 3519 820 3596 trepidumque
841 3518 1012 3594 magistrum

173 3619 210 3679 :in
231 3635 321 3676 cavea
341 3635 451 3692 magno
471 3615 586 3675 fremitu
606 3617 653 3676 leo
674 3617 753 3676 tollet
774 3617 915 3675 alumnus

173 3725 251 3775 nota
271 3715 482 3774 mathematicis
503 3716 619 3790 genesis
640 3725 706 3788 tua;
729 3716 780 3774 sed
801 3734 888 3792 grave
908 3715 1005 3774 tardas

176 3826 348 3892 >exspectare
369 3814 468 3874 colus:
490 3814 623 3873 morieris
644 3814 767 3874 stamine
788 3814 919 3873 nondum
