2714 4350
409 299 579 357 SATURA
603 301 694 359 XIJI.
712 301 903 360 aua-XIV.
919 313 970 380 39.
1075 331 1081 342 ·

174 464 299 523 bullatus
320 483 468 542 parvoque
489 465 592 524 eadem
612 476 710 524 movet
732 485 812 524 arma
833 464 938 525 fritillo,

173 582 228 623 nec
250 563 352 622 melius
373 563 409 622 de
431 582 463 622 se
484 564 619 641 cuiquam
640 583 755 641 sperare
777 565 943 641 propinquo

174 664 318 723 concedet
337 663 457 735 iuvenis,
479 664 530 740 qui
550 664 650 722 radere
671 665 773 730 tubera
793 674 896 735 terrae,

173 762 305 821 boletum
326 763 445 821 condire
467 771 495 821 et
515 763 620 822 eodem
640 763 700 821 iure
722 764 847 821 natantis

174 879 306 938 mergere
327 860 436 919 ficellas
457 860 564 931 didicit,
586 859 732 918 nebulone
753 870 872 937 parente

174 969 204 1019 et
225 977 299 1018 cana
320 968 500 1017 monstrante
520 958 596 1035 gula.
629 958 857 1035 cum'septimus
879 978 974 1018 annus

173 1058 313 1116 transierit
334 1075 465 1134 puerum,
487 1056 619 1116 nondum
640 1057 722 1115 omni
744 1057 830 1115 dente
852 1066 963 1128 renato,

174 1156 312 1216 barbatos
333 1156 400 1214 licet
421 1155 576 1215 admoveas
597 1155 676 1213 mille
698 1155 765 1221 inde
787 1155 952 1231 magistros

175 1256 245 1314 hinc
266 1255 397 1326 totidem,
420 1255 516 1331 cupiet
537 1253 615 1312 lauto
637 1272 741 1312 cenare
763 1264 867 1330 paratu

176 1372 292 1430 semper
312 1363 340 1411 et
361 1372 379 1411 a
400 1370 508 1428 magna
528 1370 590 1410 non
608 1351 788 1430 ‘degenerare
809 1353 922 1412 culina..

175 1452 276 1510 mitem
297 1452 428 1510 animum
449 1460 479 1510 et
498 1470 595 1510 mores
616 1451 739 1510 modieis
759 1452 903 1510 erroribus
925 1469 1041 1529 aequos·

175 1550 317 1632 praecipit
338 1560 425 1628 atque
446 1552 560 1610 animas
580 1568 730 1608 servorum
750 1558 779 1607 et
800 1568 923 1626 corpora
945 1562 1045 1610 nostra

175 1649 295 1708 materia
315 1660 456 1709 constare
470 1659 550 1726 putat
571 1649 747 1726 paribusque
768 1648 928 1720 elementis

176 1765 214 1804 an
235 1749 344 1808 saevire
365 1749 450 1808 docet
472 1748 594 1818 Rutilus,
616 1748 666 1824 qui
688 1748 795 1822 gaudet
816 1748 929 1806 acerbo

176 1845 330 1924 plagarum
351 1849 472 1925 strepitu
492 1857 521 1906 et
542 1847 653 1904 nullam
675 1845 780 1910 Sirena
797 1844 919 1921 flagellis

176 1955 328 2020 conparat,
350 1944 523 2021 Antiphates
543 1944 648 2020 trepidi
669 1943 736 2002 laris
757 1961 792 2002 ac
813 1943 1026 2020 Polyphemus,

175 2053 246 2102 tunc
266 2042 342 2115 felix,
365 2044 499 2120 quotiens
521 2043 624 2119 aliquis
645 2052 751 2102 tortore
771 2052 876 2100 vocato

176 2143 267 2202 uritur
286 2143 398 2201 ardenti
418 2143 485 2201 duo
498 2153 617 2218 propter
636 2141 726 2199 lintea
746 2140 844 2199 ferro?

176 2241 246 2319 quid
268 2240 371 2300 suadet
392 2241 488 2300 iuveni
508 2241 601 2300 laetus
622 2240 742 2299 stridore
765 2247 894 2308 catenae,

177 2359 267 2418 quem
288 2341 361 2399 mire
382 2341 512 2399 afficiunt
532 2340 671 2416 inscripta
690 2338 843 2416 ergastula,
866 2340 982 2397 carceri

139 2500 141 2504 ,
175 2441 299 2498 rusticus
320 2450 467 2516 expectas,
488 2450 520 2499 ut
541 2457 602 2498 non
624 2440 660 2497 sit
679 2439 809 2497 adultera
829 2437 944 2514 Largae

177 2539 243 2607 filia,
265 2557 342 2615 quae
363 2545 527 2616 numquam
546 2547 693 2596 maternos
711 2538 811 2596 'dicere
833 2537 972 2596 moechos

176 2646 236 2695 tam
258 2638 317 2696 cito
337 2656 393 2696 nec
414 2646 502 2696 tanto
517 2637 622 2713 poterit
643 2647 797 2696 contexere
818 2654 913 2708 cursu,

175 2746 207 2793 ut
227 2753 291 2794 non
311 2745 356 2794 ter
376 2736 493 2794 deciens
513 2736 793 2812 respiret?·c0nscia
813 2734 899 2792 matri

176 2835 257 2910 virgo
278 2833 338 2906 luit,
356 2853 436 2893 ceras
457 2851 536 2892 nunc
557 2834 613 2893 hac
634 2834 759 2892 dictante
782 2832 901 2910 pusillas

177 2934 285 3010 implet.

177 3033 217 3092 sic
237 3041 343 3095 natura
362 3031 460 3089 iubet:
482 3029 609 3089 velocius
629 3040 658 3089 et
679 3030 763 3089 citius
785 3048 839 3088 nos

176 3140 368 3207 corrumpunt
387 3131 521 3188 vitiorum
542 3128 677 3205 exempla
698 3129 867 3199 domestica,
889 3127 1010 3203 magnis·

176 3249 243 3290 cum
264 3233 387 3290 subeant
408 3231 524 3289 animos
546 3230 722 3288 auctoribus
758 3247 833 3287 unus
854 3237 883 3287 et
904 3227 975 3286 alter

177 3328 296 3388 forsitan
316 3329 390 3387 haec
412 3338 551 3405 spernant
571 3329 698 3398 iuvenes,
720 3327 826 3402 quibus
848 3335 909 3384 arte
929 3325 1057 3402 benigna

177 3438 205 3486 et
224 3428 344 3486 meliore
364 3427 425 3486 luto
446 3427 530 3485 finxit
551 3424 721 3503 praecordia
741 3425 849 3497 Titan;

176 3525 227 3585 sed
248 3526 374 3602 reliquos
395 3525 535 3602 fugienda
555 3536 671 3600 patrum
692 3525 811 3600 vestigia
833 3522 942 3581 ducunt

176 3634 204 3682 et
224 3632 386 3683 monstrata
407 3624 456 3681 diu
476 3624 578 3682 veteris
599 3622 683 3681 trahit
704 3623 799 3680 orbita
819 3621 929 3697 culpae

176 3723 321 3781 abstineas
343 3721 428 3796 igitur
449 3721 633 3780 damnandis.
667 3720 752 3778 huius
772 3721 851 3779 enlm
872 3719 917 3777 vel

176 3838 234 3880 una
253 3831 360 3899 potens
380 3820 453 3879 ratio
473 3830 525 3891 est,
544 3839 583 3880 ne
603 3819 725 3879 crimina
746 3831 844 3878 nostra
865 3827 1021 3897 sequantur

678 3936 721 3977 12
