2714 4350
228 350 290 409 140
529 381 532 384 .
550 338 589 395 D.
611 338 730 427 IUNlI
742 338 991 403 ,IUVENALJs

226 511 367 578 quantum
390 499 529 559 Socratici
550 510 690 577 ceperunt
711 510 778 560 ante
800 510 930 579 penates.

226 617 387 676 numquam
408 599 478 657 allut
498 610 610 670 natura,
633 599 702 658 aliut
723 601 865 676 sapientia
885 600 962 659 dicit

226 698 341 757 acribus
362 698 503 774 exemplis
525 698 624 756 videor
644 709 673 757 te
694 698 831 758 cludere?
851 699 941 757 misce

225 813 297 871 ergo
318 795 427 872 aliquid
447 796 554 855 nostris
575 796 611 855 de
633 797 772 869 moribus,
795 797 876 856 effice
897 815 1052 868 summam,

226 895 271 952 bis
293 905 405 971 septem
426 895 576 954 ordinibus
598 914 687 973 quam
708 896 755 954 lex
778 896 913 972 dignatur
935 895 1069 956 Othonis

225 993 297 1052 haec
320 1011 437 1070 quoque
457 994 482 1051 si
502 1011 604 1069 rugam
625 993 710 1051 trahit
731 993 917 1070 extenditque
938 993 1084 1066 labellum,

226 1110 308 1149 sume
329 1092 404 1149 duos
423 1091 542 1169 equites,
563 1091 610 1150 fac
631 1092 715 1150 tertia
735 1093 955 1169 quadringenta
1020 1090 1022 1094 ’

227 1191 250 1247 si
271 1190 404 1248 nondum
424 1190 530 1266 inplevi
550 1191 702 1266 gremium,
724 1191 749 1249 si
769 1192 905 1268 panditur
925 1191 1009 1264 ultra,

227 1307 281 1347 nec
303 1288 403 1347 Croesi
424 1287 539 1346 fortuna
558 1306 700 1365 umquam
720 1307 775 1348 nec
795 1287 911 1348 Persica
931 1308 1021 1366 regna

227 1387 368 1446 sufficient
389 1387 488 1445 animo
505 1405 559 1445 nec
581 1387 694 1446 divitiae
717 1387 854 1461 Narcissi,

226 1485 345 1544 indulsit
366 1484 474 1544 Caesar
495 1485 542 1543 cui
563 1484 703 1544 Claudius
725 1487 832 1557 omnia,
855 1487 937 1544 cuius

226 1584 320 1660 paruit
339 1583 466 1660 imperiis
487 1601 609 1642 uxorem
630 1585 762 1643 occidere
784 1585 886 1644 iussus.

731 1962 820 2037 XV.

229 2178 304 2250 Qurs
326 2180 426 2259 nescit,
447 2177 550 2253 Volusi
570 2176 851 2254 Bithynice„qualia
872 2176 992 2235 demens

228 2279 378 2354 Aegyptus
399 2284 533 2353 portenta
554 2276 647 2334 colat?
671 2274 840 2334 crocodilon
860 2275 962 2333 adorat

227 2394 296 2451 pars
316 2375 397 2444 haec,
420 2374 467 2432 illa
488 2384 573 2450 pavet
595 2384 721 2432 saturam
743 2374 926 2450 serpentibus
947 2373 1016 2430 ibin.

228 2474 337 2550 effigies
359 2474 432 2532 sacri
452 2474 524 2531 nitet
545 2491 632 2531 aurea
653 2463 854 2548 cercopitheci,

228 2562 349 2631 dimidio
371 2573 503 2647 magicae
524 2580 662 2628 resonant
681 2571 732 2629 ubi
754 2570 916 2628 Memnone
938 2567 1065 2628 chordae

228 2683 315 2747 atque
335 2681 416 2729 vetus
441 2671 545 2728 Thebe
567 2680 686 2728 centum
706 2669 780 2727 iacet
800 2669 905 2727 obruta
924 2669 1024 2745 portis.

227 2771 283 2829 illic
305 2770 427 2840 aeluros
449 2769 495 2827 hic
516 2768 627 2845 piscem
647 2768 783 2839 fluminis,
804 2767 860 2826 illic

228 2870 337 2946 oppida
358 2879 419 2926 tota
441 2885 545 2926 canem
566 2876 747 2935 venerantur,
770 2883 858 2924 nemo
879 2863 1016 2923 Dianam.

227 2985 347 3043 porrum
370 2976 399 3026 et
419 2984 491 3042 cepe
513 2964 594 3022 nefas
615 2964 721 3022 violare
743 2975 771 3022 et
792 2962 926 3039 frangere
946 2980 1063 3021 morsu:

228 3084 246 3122 o
268 3076 382 3124 sanctas
403 3075 513 3141 gentes,
535 3063 639 3139 quibus
660 3061 734 3120 haec
755 3072 912 3120 nascuntur
932 3061 963 3118 in
984 3061 1076 3119 hortis

228 3165 367 3221 numina!
392 3162 495 3221 lanatis
516 3161 688 3219 animalibus
709 3161 835 3218 abstinet
855 3161 951 3219 omnis

228 3280 338 3333 mensa,
359 3260 440 3320 nefas
461 3261 518 3318 illic
541 3259 631 3317 letum
651 3259 781 3334 iugulare
803 3259 948 3335 capellae:

228 3361 363 3417 carnibus
383 3359 518 3429 humanis
538 3359 615 3416 vesci
636 3357 709 3417 licet.
744 3358 866 3416 attonito
888 3375 956 3415 cum

228 3458 285 3516 tale
306 3476 392 3533 super
414 3475 517 3516 cenam
538 3456 650 3515 facinus
671 3464 800 3515 narraret
820 3455 922 3514 Ulixes

228 3556 363 3626 Alcin00,
384 3555 471 3614 bilem
493 3564 543 3612 aut
562 3555 653 3613 risum
673 3553 795 3612 fortasse
816 3553 991 3630 quibusdam

228 3663 365 3723 moverat,
386 3663 418 3710 ut
438 3652 565 3710 mendax
587 3652 761 3728 aretalogus.
810 3653 859 3709 ‘in
880 3669 960 3709 mare
981 3669 1071 3710 nemo

228 3751 306 3810 hunc
327 3751 414 3809 abicit
435 3769 521 3810 saeva
543 3751 664 3826 dignum
685 3770 808 3828 veraque
830 3750 986 3826 Charybdi,

228 3849 385 3925 fingentem
406 3849 531 3908 inmanis
552 3848 766 3926 Laestrygonas
787 3858 876 3927 atque
897 3847 1064 3926 Cyclopas?
