2714 4350
491 305 658 360 satura
683 305 767 361 XIV.
777 316 917 382 40-109.

182 470 271 528 nutrit
291 479 319 528 et
339 469 456 528 inventa
477 488 528 545 per
549 469 632 528 devia
652 488 719 528 rura
739 471 864 530 lacerta:

181 568 220 626 illi
241 566 344 627 eadem
366 567 489 644 sumptis
510 578 652 644 quaerunt
673 568 808 626 animalia
831 571 936 646 pinnis.

180 666 277 724 vultur
296 666 426 724 iumento
447 674 476 723 et
496 666 618 724 canibus
638 666 830 743 crucibusque
851 668 956 727 relictis

181 766 220 823 ad
240 765 315 823 letus
335 772 471 841 properat
491 773 662 840 partemque
683 764 831 823 cadaveris
853 765 964 825 adfert:

180 863 228 922 hic
250 874 294 922 est
315 882 386 940 ergo
407 864 489 922 cibus
509 864 609 940 magni
630 882 748 940 quoque
769 864 886 923 vulturis
907 876 986 925 etse

181 962 336 1036 pascentis,
356 962 474 1039 propria
494 980 561 1021 cum
581 962 639 1019 iam
661 961 728 1020 facit
749 964 851 1021 arbore
872 964 966 1023 nidos

181 1059 233 1118 sed
254 1059 384 1135 leporem
405 1069 454 1118 aut
475 1078 612 1136 capream
632 1059 758 1118 famulae
780 1059 858 1118 Iovis
879 1071 907 1120 et
927 1080 1086 1137 generosae

182 1159 212 1215 in
233 1158 307 1216 saltu
327 1168 468 1217 venantur
489 1177 565 1231 aves,
588 1158 655 1217 hinc
677 1159 785 1235 praeda
807 1159 895 1217 cubili

181 1257 317 1333 ponitur:
343 1257 411 1315 inde
432 1267 530 1315 autem
551 1275 619 1315 curn
640 1275 672 1316 se
693 1267 806 1315 matura
826 1257 924 1316 levarit

180 1357 342 1432 progenies,
364 1355 528 1414 stimulante
545 1355 624 1414 fame
644 1354 759 1413 festinat
780 1355 818 1414 ad
839 1356 926 1427 illam,

181 1473 271 1530 quam
293 1455 420 1531 primum
440 1454 579 1531 praedam
599 1463 686 1531 rupto
706 1463 870 1530 gustaverat
889 1473 955 1513 ovo.

241 1553 418 1612 Aedificator
438 1563 499 1611 erat
521 1552 675 1612 Cretonius
697 1561 725 1610 et
746 1553 837 1611 modo
858 1542 946 1612 curvo

180 1650 263 1710 litore
285 1650 411 1723 Caietae,
433 1669 547 1709 summa
569 1669 648 1709 nunc
670 1650 789 1709 Tiburis
811 1669 885 1721 arce,

179 1769 259 1810 nunc
281 1750 475 1809 Praenestinis
496 1750 528 1807 in
549 1750 697 1808 montibus
718 1750 776 1808 alta
796 1750 920 1825 parabat

180 1849 307 1907 culmina
327 1849 459 1907 villarum
481 1847 602 1907 Graecis
623 1848 769 1924 longeque
790 1848 886 1923 petitis

180 1942 379 2019 marmoribus,
401 1947 520 2004 vincens
542 1945 688 2004 Fortunae
710 1955 796 2021 atque
818 1943 953 2004 Herculis
974 1947 1086 2018 aedem,

178 2056 209 2103 ut
230 2046 325 2122 spado
346 2045 480 2103 vincebat
502 2044 648 2121 Capitolia
668 2054 766 2102 nostra
787 2042 918 2102 Posides.

180 2144 250 2201 dum
272 2145 313 2202 sic
334 2161 404 2218 ergo
424 2143 535 2201 habitat
556 2141 723 2214 Cretonius,
745 2141 881 2199 inminuit
900 2161 971 2215 rem,

179 2241 264 2318 fregit
285 2259 373 2318 opes3
395 2260 449 2299 nec
470 2259 559 2317 parva
580 2249 679 2299 tamen
700 2258 838 2299 mensura
858 2241 977 2301 relictae

131 2395 134 2401 .
179 2342 267 2416 partis
288 2350 367 2399 erat:
392 2348 485 2398 totam
505 2339 582 2397 hanc
603 2339 727 2396 turbavit
748 2339 823 2397 filius
844 2357 954 2412 amens,

174 2438 249 2497 >dum
271 2438 391 2497 meliore
412 2455 503 2497 novas
524 2437 627 2496 attollit
647 2455 793 2496 marmore
814 2439 902 2497 villas.

240 2537 371 2610 Quidam
392 2536 482 2595 sortiti
503 2546 680 2594 metuentem
702 2537 823 2594 sabbata
844 2548 955 2613 patrem

179 2637 218 2694 nil
238 2645 351 2712 praeter
372 2636 466 2693 nubes
487 2644 515 2693 et
536 2635 608 2694 caeli
629 2653 739 2692 numen
760 2635 889 2706 adorant,

179 2753 233 2794 nec
255 2735 361 2792 distare
381 2742 482 2810 putant
503 2733 632 2791 humana
653 2752 740 2792 carne
760 2733 883 2805 suillam,

179 2852 237 2910 qua
258 2843 340 2910 pater
361 2833 500 2891 abstinuit
511 2852 520 2905 ;
541 2850 612 2891 mox
633 2842 662 2891 et
681 2833 830 2909 praeputia
851 2842 973 2908 ponunt.

179 2931 330 2995 Romanas
351 2942 448 2990 autem
470 2932 544 2990 soliti
565 2940 751 2990 contemnere
772 2930 851 3007 leges

179 3030 331 3089 Iudaicum
352 3030 483 3089 ediscunt
504 3039 533 3088 et
553 3038 668 3088 servant
689 3048 724 3088 ac
746 3037 880 3086 metuunt
902 3029 955 3099 ius,

179 3128 293 3187 tradidit
313 3146 421 3186 arcano
442 3128 651 3205 quodcumque
671 3127 820 3187 volumine
842 3125 971 3203 Moyses

178 3247 239 3287 non
259 3236 421 3286 monstrare
441 3227 502 3284 vias
523 3228 627 3285 eadem
648 3227 705 3284 nisi
727 3244 808 3284 sacra
829 3224 944 3295 colenti,

178 3327 340 3404 quaesitum
362 3325 399 3383 ad
420 3324 530 3383 fontem
552 3324 631 3383 solos
653 3324 796 3383 deducere
817 3341 931 3398 verpus.

179 3426 230 3484 sed
250 3434 331 3501 pater
353 3424 384 3480 in
404 3441 500 3495 causa,
523 3423 570 3482 cui
592 3424 713 3499 septima
734 3439 866 3499 quaeque
888 3421 940 3480 fuit
960 3421 1010 3479 lux

178 3523 283 3600 ignava
303 3530 333 3580 et
353 3531 466 3598 partem
487 3521 560 3579 vitae
581 3538 642 3579 non
662 3521 754 3596 attigit
774 3519 871 3578 ullam.

157 3695 166 3716 ⁸
240 3620 352 3698 Sponte
372 3630 470 3678 tamen
491 3620 608 3678 iuvenes
629 3619 776 3677 imitantur
797 3627 900 3689 cetera,
923 3618 1016 3676 solam
1054 3629 1058 3636 '

178 3721 257 3779 inviti
279 3736 398 3796 quoque
418 3717 566 3776 avaritiam
587 3736 721 3776 exercere
742 3716 884 3776 iubentur.

179 3817 246 3878 fallit
266 3818 346 3877 enim
366 3816 465 3874 vitium
487 3817 583 3893 specie
604 3816 713 3875 virtutis
734 3825 763 3874 et
783 3816 894 3890 umbra,
