2714 4350
484 289 655 344 sarum
678 289 746 344 XV.
759 294 898 367 54-123·
1165 300 1223 367 143

174 476 244 518 nam
267 457 375 517 scelere
396 457 426 515 in
447 465 529 517 tanto
552 477 589 517 ne
611 476 733 536 quaeras
754 467 783 517 et
804 458 916 517 dubites
937 477 976 517 an

173 558 266 634 prima
287 556 465 632 voluptatem
487 557 556 634 gula
577 557 698 616 senserit
709 577 718 629 3
739 557 857 615 ultimus
879 568 977 616 autem
1194 583 1226 633 90

174 656 225 732 qui
246 655 325 714 stetit
345 656 500 731 absumpto
521 655 581 712 iam
602 665 664 714 toto
686 673 816 732 corpore,
838 654 932 715 ductis

174 773 226 830 per
247 764 353 812 terram
375 753 470 829 digitis
492 753 599 830 aliquid
622 754 657 813 de
679 755 822 831 sanguine
843 764 950 830 gustat.

175 852 338 921 Vascones
359 851 432 910 haec
453 851 532 910 fama
552 862 605 924 est,
627 853 769 912 alimentis
790 853 895 911 talibus
917 853 987 913 olim

174 951 342 1030 produxere
363 951 494 1011 animas:
516 951 568 1010 sed
588 971 634 1010 res
655 952 775 1027 diversa,
799 952 851 1012 sed
872 953 928 1012 illic

176 1048 309 1108 fortunae
329 1049 437 1107 invidia
457 1060 501 1109 est
521 1050 722 1128 bellorumque
743 1052 854 1124 ultima,
876 1069 961 1110 casus

177 1148 308 1219 extremi,
329 1148 434 1224 longae
456 1149 519 1207 dira
539 1149 699 1208 obsidionis
721 1159 845 1226 egestas.

177 1241 278 1328 [huius
299 1246 386 1317 enim,
408 1247 487 1323 quod
509 1265 587 1306 nunc
608 1247 710 1324 agitur,
732 1247 893 1306 miserabile
915 1247 1001 1307 debet
1022 1290 1025 1297 .
1047 1295 1049 1298 Α

177 1344 345 1421 exemplum
366 1363 430 1404 esse
452 1345 518 1417 cibi,
539 1345 724 1404 sicutmodo
745 1346 822 1405 dicta
842 1346 912 1404 mihi
934 1340 1019 1426 gens]

177 1453 244 1522 post
265 1448 368 1502 omnes
388 1442 503 1513 herbas,
524 1454 591 1521 post
612 1454 718 1504 cuncta
739 1445 883 1516 animalia,
904 1444 1047 1522 quidquid

164 1533 306 1618 ¹cogebat
327 1542 412 1601 vacui
433 1542 540 1600 ventris
561 1542 650 1613 furor,
672 1542 804 1602 hostibus
826 1543 894 1620 ipsis

177 1641 319 1718 pallorem
340 1659 374 1700 ac
395 1641 518 1699 maciem
540 1650 569 1701 et
590 1652 691 1700 tenues
713 1625 914 1700 miserantibus
936 1650 1022 1715 artus,

178 1741 310 1799 membra
331 1740 425 1799 aliena
446 1739 522 1805 fame
543 1740 717 1811 lacerabant,
739 1758 803 1799 esse
823 1740 915 1817 parati

179 1847 208 1896 et
229 1855 290 1896 sua.
333 1837 469 1914 quisnam
489 1837 644 1897 hominum
665 1839 780 1898 veniam
802 1839 869 1897 dare
891 1838 990 1914 quisve
1012 1837 1134 1898 deorum

179 1937 300 1995 urbibus
320 1937 458 1996 abnueret
480 1938 542 1995 dira
563 1947 649 2015 atque
669 1938 798 1996 inmania
818 1937 911 2014 passis

180 2045 208 2096 et
229 2035 337 2113 quibus
357 2036 471 2106 illorum
490 2046 626 2114 poterant
646 2038 798 2114 ignoscere
819 2055 929 2109 manes,

179 2153 306 2212 quorum
327 2135 497 2212 corporibus
518 2137 730 2196 vescebantur?
750 2136 853 2194 melius
874 2153 929 2194 nos

179 2233 308 2292 Zenonis
329 2245 483 2312 praecepta
503 2245 641 2308 monent;
663 2254 717 2295 nec
739 2237 816 2294 enim
838 2234 945 2305 omnia,
967 2235 1113 2312 quaedam

180 2349 234 2408 pro
255 2333 314 2390 vita
334 2332 467 2392 iacienda
487 2326 606 2411 putant:
628 2334 680 2394 sed
701 2334 846 2393 Cantaber
867 2333 944 2391 unde

180 2433 296 2504 stoicus,
319 2431 430 2507 antiqui
450 2434 618 2509 praesertim
640 2443 731 2491 aetate
754 2431 886 2491 Metelli?

180 2549 258 2590 nunc
279 2539 356 2588 totus
379 2530 483 2589 Graias
503 2540 677 2608 nostrasque
697 2531 784 2590 habet
805 2531 883 2589 orbis
903 2530 1044 2604 Athenas,

181 2628 276 2688 Gallia
297 2628 460 2688 causidicos
482 2629 580 2689 docuit
600 2629 727 2688 facunda
747 2628 913 2702 Britannos,

180 2726 217 2786 de
237 2727 434 2785 conducendo
454 2727 582 2803 loquitur
602 2729 661 2786 iam
678 2713 797 2787 'rhetore
819 2727 922 2805 Thyle.

180 2825 285 2885 nobilis
306 2824 353 2884 ille
375 2835 473 2884 tamen
494 2827 629 2903 populus,
651 2844 739 2903 quem
761 2826 896 2899 diximus,
919 2837 948 2885 et
967 2845 1021 2904 par

180 2925 281 2983 virtute
302 2933 389 3001 atque
410 2923 476 2990 fide,
497 2924 549 2983 sed
570 2925 664 2984 maior
684 2924 775 2995 clade,
797 2923 974 3001 Zagynthos,
1056 2996 1059 3002 .

179 3023 235 3081 tale
256 3023 327 3098 quid
348 3032 486 3081 excusat:
510 3021 659 3082 Maeotide
680 3023 792 3081 saevior
812 3041 863 3081 ara

181 3121 339 3198 Aegyptos.
381 3121 490 3197 quippe
511 3121 559 3180 illa
579 3119 696 3181 nefandi
718 3120 845 3180 Taurica
867 3120 941 3180 sacri

180 3218 321 3277 inventrix
343 3218 487 3292 homines,
509 3219 620 3280 utiam
642 3238 717 3296 quae
738 3220 869 3278 carmina
890 3219 1008 3279 tradunt

180 3317 271 3394 digna
291 3316 349 3376 fide
370 3317 482 3390 credas,
503 3329 617 3377 tantum
639 3318 780 3390 immolat,
802 3319 919 3377 ulterius
940 3320 981 3377 nil

180 3425 231 3473 aut
251 3415 366 3492 gravius
387 3415 479 3474 cultro
499 3416 581 3474 timet
602 3415 703 3475 hostia.
746 3416 812 3491 quis
833 3416 924 3476 modo
945 3434 1029 3476 casus

180 3513 292 3591 impulit
312 3513 387 3574 hos?
417 3532 492 3590 quae
513 3523 593 3572 tanta
614 3513 707 3573 fames
729 3513 890 3592 infestaque
911 3516 986 3576 vallo

170 3616 265 3671 *arma
282 3623 442 3690 coegemnt
461 3622 523 3672 tam
544 3613 711 3672 detestabile
732 3623 895 3672 monstrum

180 3712 309 3772 audere?
338 3730 416 3771 anne
437 3712 524 3770 aliam
545 3722 619 3770 terra
640 3712 833 3789 Memphitide
855 3714 932 3774 sicca

178 3810 316 3871 invidiam
338 3794 464 3871 iacerent
486 3809 595 3870 nolenti
617 3829 734 3888 surgere
756 3811 845 3872 Nilo?
