2714 4350
458 310 627 366 sarona
656 301 948 388 ½152-VIL38.

173 479 342 539 balneolum
363 475 473 550 Gabiis,
495 475 610 537 Rornae
632 476 795 536 conducere
816 475 914 534 furnos

174 587 357 655 temptarent,
379 575 575 636 nec.soedum
596 575 642 634 alii
663 594 718 633 nec
740 584 824 652 turpe
845 583 979 651 putarent

173 694 336 751 praecones
356 675 425 746 fieri,
448 693 516 734 cum
536 674 657 733 desertis
678 674 848 750 Aganippes

173 775 295 834 vallibus
315 774 445 832 esuriens
466 773 604 850 migraret
624 773 655 830 in
676 773 748 831 atria
770 771 843 831 Clio.

174 892 243 932 nam
265 873 290 931 si
311 873 403 932 Pieria
424 873 571 950 quadrans
591 872 643 930 tibi
664 871 760 929 nullus
781 871 812 929 in
830 871 936 929 umbra

174 971 350 1043 ostendatur,
371 990 452 1030 ames
466 989 583 1030 nomen
605 973 770 1048 victumque
792 969 967 1029 Machaerae

174 1081 202 1129 et
221 1069 331 1128 vendas
351 1071 454 1147 potius,
477 1070 633 1130 commissa
654 1070 734 1147 quod
756 1070 854 1128 auctio
875 1069 974 1128 vendit
1195 1094 1224 1128 10

173 1169 323 1240 stantibus
344 1168 546 1245 oenophorum
566 1168 692 1245 tripodes
714 1168 836 1226 armaria
857 1170 950 1242 cistas,

174 1265 330 1326 Alcithoen
351 1265 446 1337 Pacci,
468 1266 588 1324 Thebas
608 1276 636 1325 et
657 1266 752 1325 Terea
773 1266 878 1325 Fausti.

174 1365 229 1425 hoc
251 1364 348 1437 satius,
370 1383 460 1442 quam
482 1367 505 1423 si
526 1366 606 1424 dicas
626 1366 681 1424 sub
702 1364 798 1423 iudice
819 1362 909 1435 ‘uidi’

174 1464 254 1540 quod
275 1482 338 1522 non
358 1464 450 1522 vidisti
461 1484 470 1537 3
492 1463 599 1523 faciant
620 1464 731 1541 equites
748 1464 850 1523 Asiani
956 1466 960 1474 '

177 1558 379 1642 [Quamquam
400 1572 429 1621 et
451 1562 645 1639 Cappadoces
666 1562 774 1621 faciant
795 1563 963 1640 equitesque
984 1558 1132 1643 Bithyni]
1191 1586 1219 1635 15

175 1661 263 1720 altera
284 1679 359 1738 quos
379 1661 459 1719 nudo
480 1661 606 1719 traducit
624 1660 720 1718 Gallia
740 1660 808 1719 talo.

175 1777 263 1818 nemo
283 1768 382 1816 tamen
402 1757 503 1826 studiis
523 1759 676 1836 indignum
697 1758 771 1817 ferre
793 1759 923 1818 laborem
1011 1792 1012 1795 η

176 1866 293 1934 cogetur
313 1855 448 1933 posthac,
465 1857 553 1914 nectit
574 1858 751 1934 quicumque
773 1860 888 1916 canoris

175 1955 322 2038 eloquium
342 1955 441 2014 vocale
462 1955 557 2014 modis
576 1955 747 2032 laurumque
768 1956 932 2015 momordit.

175 2053 230 2114 hoc
251 2055 337 2128 agite,
359 2071 378 2112 o
400 2054 533 2112 iuvenesl
558 2054 751 2130 circumspicit
771 2064 801 2112 et
821 2054 947 2112 stimulat
967 2073 1027 2114 vosn

176 2153 387 2229 materiamque.
404 2152 458 2211 sibi
479 2152 560 2211 ducis
580 2152 761 2229 indulgentia
782 2154 900 2229 quaerit.

176 2253 258 2329 siqua
279 2250 395 2309 aliunde
415 2260 500 2327 putas
521 2270 617 2309 rerum
638 2251 835 2328 exspectanda
855 2262 970 2310 tuarum

177 2349 318 2426 praesidia
339 2358 426 2428 atque
447 2349 513 2409 ideo
534 2368 655 2408 croceae
675 2352 846 2409 membrana
865 2351 994 2410 tabellae·

175 2448 337 2526 implentur,
359 2447 504 2524 lignorum
524 2449 632 2525 aliquid
653 2467 740 2524 posce
761 2450 843 2510 ocius
863 2459 892 2508 et
913 2469 987 2528 quae

177 2546 328 2623 componis
348 2547 426 2606 dona
446 2546 577 2625 Veneris,
599 2547 744 2620 Telesina,
765 2548 888 2621 marito;

177 2656 224 2706 aut
243 2646 329 2706 clude
351 2656 379 2705 et
400 2648 511 2723 positos
532 2648 609 2706 tinea
630 2646 771 2724 pertunde
792 2647 911 2706 libellos.

177 2743 277 2822 frange
298 2746 386 2804 miser
406 2744 552 2806 calamum
573 2745 745 2822 vigilataque
767 2745 877 2821 proelia
898 2745 979 2816 dele,

178 2844 226 2920 qui
245 2844 317 2904 sacis
338 2845 368 2902 in
388 2862 482 2921 parva
499 2844 634 2904 sublimia
656 2835 784 2903 carmina
805 2844 885 2915 cella,

178 2953 207 3001 ut
227 2942 333 3018 dignus
353 2942 451 3002 venias
471 2941 584 3001 hederis
604 2953 633 3001 ct
654 2943 780 3018 imagine
802 2961 908 3002 macra.

178 3058 241 3118 spes
262 3041 342 3100 nulla
362 3041 498 3101 ulterior:
524 3041 623 3100 didicit
639 3043 699 3100 iam
719 3042 799 3101 dives
821 3060 931 3100 avarus·

178 3148 289 3199 tantum
310 3140 454 3211 admirari,
476 3151 590 3199 tantum
610 3140 727 3199 laudare
748 3140 876 3212 disertos,

178 3247 208 3296 ut
227 3239 310 3315 pueri
331 3238 451 3298 Iunonis
472 3257 566 3298 avem
602 3239 660 3297 sed·
675 3239 776 3297 defluit
797 3248 884 3296 aetas-

179 3347 205 3395 et
224 3337 323 3414 pelagi
342 3337 464 3415 patiens
477 3347 505 3399 et
526 3338 646 3397 cassidis
668 3346 754 3414 atque
775 3337 889 3411 ligonis.

178 3437 271 3495 taedia
291 3445 362 3495 tunc
383 3438 506 3496 subeunt
527 3437 648 3508 animoa,
670 3447 739 3493 tunc
760 3452 849 3511 seque
871 3452 1019 3510 suamque

180 3532 393 3611 Terpsichoren
413 3536 473 3594 odit
494 3535 620 3594 facunda
636 3544 664 3594 et
686 3534 765 3592 nuda
785 3543 925 3592 senectus.

237 3634 349 3711 Accipe
370 3653 448 3692 nunc
469 3644 552 3695 artes.
587 3653 625 3692 ne
647 3633 717 3710 quid
738 3633 789 3691 tibi
810 3631 940 3692 conferat
961 3633 1029 3705 iste,¹

182 3749 265 3808 quem
286 3733 357 3792 colis
379 3742 407 3792 et
428 3732 581 3792 Musarum
601 3744 630 3791 et
649 3732 795 3808 Apollinis
815 3731 887 3790 aede
908 3732 1013 3803 relicta,

183 3829 242 3907 ipse
260 3831 329 3891 facit
349 3849 448 3891 versus
469 3841 556 3909 atque
576 3831 627 3890 uni
648 3830 724 3890 cedit
745 3830 880 3891 Homero
