2714 4350
210 319 251 388 70
510 312 551 368 D.
562 311 691 365 JUNIJ
708 310 729 363 I
731 310 943 365 UVENALIS

208 477 353 554 paenitet!
395 475 536 551 experiar,
555 475 625 553 quid
646 475 824 535 concedatur
845 477 875 533 in
897 474 970 547 illos,

209 593 334 652 quorum
354 574 498 633 Flaminia
520 575 625 651 tegitur
646 575 719 635 cinis
740 585 828 652 atque
850 575 964 634 Latina.

712 892 786 968 ΙΙΙ.

211 1071 349 1143 Quamvis
369 1071 500 1147 digressu
522 1071 624 1129 veteris
645 1069 783 1149 confusus
804 1071 900 1142 amici,

209 1169 305 1228 laudo'
319 1179 426 1241 tamen,
447 1168 544 1227 vacuis
566 1151 645 1246 quod
666 1169 767 1227 sedem
789 1169 877 1245 figere
901 1169 1003 1229 Cumis

211 1269 333 1328 destinet
354 1278 441 1346 atque
461 1285 555 1324 unum
576 1268 668 1325 civem
689 1266 801 1327 donare
823 1267 959 1345 Sibyllae.

211 1369 298 1426 ianua
319 1366 457 1425 Baiarum
478 1376 521 1424 est
542 1375 572 1424 et
588 1376 704 1442 gratum
725 1366 791 1424 litus
812 1367 928 1426 amoeni

211 1483 351 1524 secessus.
392 1483 449 1542 ego
471 1465 515 1523 vel
535 1464 710 1540 Prochytam
731 1483 883 1542 praepono
906 1465 1045 1524 Suburae.

211 1571 281 1621 nam
302 1564 371 1640 quid
391 1573 452 1621 tam
473 1564 620 1644 miserum,
642 1573 703 1621 tam
724 1563 819 1644 solum
840 1563 973 1637 vidimus,
995 1574 1026 1621 ut
1048 1581 1109 1622 non

212 1662 335 1720 deterius
357 1662 456 1721 credas
477 1662 597 1722 horrere
617 1662 760 1732 incendia,
782 1662 883 1738 lapsus

211 1771 353 1819 tectorum
374 1761 509 1839 adsiduos
530 1779 565 1819 ac
586 1761 666 1819 mille
686 1760 815 1837 pericula
831 1779 934 1819 saevae

212 1862 290 1918 urbis
311 1871 340 1919 et
361 1861 494 1937 Augusto
515 1861 667 1919 recitantes
688 1878 790 1918 mense
810 1862 934 1937 poetas?

212 1959 264 2018 sed
285 1960 355 2018 dum
376 1969 439 2018 tota
460 1960 566 2018 domus
586 1959 657 2018 reda
677 1959 864 2035 componitur
883 1976 951 2028 una,

212 2058 337 2116 substitit
359 2057 397 2115 ad
416 2067 527 2116 veteres
549 2075 631 2116 arcus
652 2057 859 2134 madidamque
881 2054 1042 2132 Capenam.

212 2155 269 2224 hic,
289 2156 341 2213 ubi
361 2166 522 2214 nocturnae
544 2155 644 2213 Numa
665 2155 860 2214 constituebat
881 2154 1000 2225 amicae,

211 2271 291 2311 nunc
313 2254 387 2311 sacri
409 2252 497 2312 fontis
518 2271 621 2312 nemus
643 2263 670 2311 et
692 2253 813 2312 delubra
833 2253 965 2312 locantur

213 2338 336 2420 ludaeis,
360 2369 483 2428 quorum
504 2351 649 2427 cophinus
669 2351 844 2428 faenumque
866 2351 1038 2430 supellex—

213 2449 310 2508 omnis
331 2450 410 2508 enim
431 2449 542 2526 populo
563 2440 729 2509 mercedem
751 2449 879 2526 pendere
900 2451 979 2508 iussa
1000 2459 1042 2507 est

214 2550 309 2619 arbor,
329 2557 358 2605 et
379 2547 475 2607 eiectis
496 2548 644 2606 mendicat
666 2548 736 2608 silva
756 2548 937 2608 Camenis-

213 2650 244 2705 in
265 2646 368 2706 vallem
388 2647 513 2722 Egeriae
535 2647 740 2707 descendimus
761 2658 790 2708 et
812 2649 968 2725 speluncas

214 2746 366 2825 dissimiles
386 2746 470 2805 veris.
513 2755 624 2823 quanto
646 2748 826 2822 praesentius
847 2757 922 2806 esset

214 2863 325 2904 numen
346 2863 448 2923 aquae,
471 2845 552 2903 viridi
575 2846 599 2903 si
620 2846 751 2922 margine
774 2845 902 2904 eluderet
922 2844 1017 2904 undas

213 2944 304 3003 herba
325 2963 380 3002 nec
402 2943 562 3019 ingenuum
582 2944 721 3004 violarent
741 2962 891 3004 marmora
910 2944 1022 3004 tofum!

213 3043 259 3102 hic
274 3052 351 3102 tunc
373 3041 540 3101 Umbricius
561 3043 698 3119 ‘quando
719 3041 843 3114 artibus'
865 3043 967 3120 inquit,
990 3043 1137 3103 ‘honestis

214 3141 309 3199 nullus
330 3141 360 3198 in
381 3141 452 3199 urbe
474 3139 565 3211 locus,
587 3129 666 3198 nulla
688 3140 885 3200 emolumenta
905 3141 1047 3213 laborum,

215 3257 260 3297 res
280 3239 368 3298 hodie
389 3240 485 3297 minor
506 3250 558 3308 est,
579 3238 648 3297 here
670 3256 759 3314 quam
779 3238 840 3310 fuit,
863 3248 950 3316 atque
970 3239 1074 3299 eadem
1096 3259 1160 3300 cras

215 3336 324 3395 deteret
345 3337 458 3412 exiguis
481 3337 597 3414 aliquid,
619 3337 813 3414 proponimus
834 3337 900 3395 illuc

215 3436 264 3505 ire,
285 3433 419 3523 fatigatas
439 3436 489 3493 ubi
510 3435 658 3495 Daedalus
679 3435 759 3496 exuit
779 3436 848 3508 alaS,

215 3533 286 3591 dum
307 3551 383 3591 nova
405 3533 533 3604 canities
555 3534 627 3592 dum
648 3535 742 3610 prima
763 3543 791 3593 et
808 3547 887 3593 recta
909 3546 1052 3608 senectus,

216 3631 287 3690 dum
308 3620 440 3707 superest
461 3629 583 3691 Lachesi
605 3633 686 3710 quod
702 3644 843 3710 torqueat,
865 3643 895 3693 et
915 3635 1040 3711 pedibus
1060 3654 1109 3694 me

216 3739 302 3808 porto
323 3729 394 3787 meis
415 3729 495 3789 nullo
517 3730 647 3790 dextram
669 3731 810 3791 subeunte
832 3733 946 3793 bacillo.

217 3828 355 3887 cedamus
375 3828 475 3906 patria.
517 3829 614 3888 vivant
634 3831 765 3890 Artorius
785 3809 883 3889 isticx
