2714 4350
237 302 298 367 116
536 308 576 361 D.
598 305 718 361 IUNII
735 304 970 361 IUVENALIS

234 475 360 535 necdum
381 492 468 533 ausus
488 473 584 549 virgas
605 471 721 532 humilis
742 471 876 531 mordere
898 472 998 543 salicti,

234 577 284 653 qui
305 576 370 653 plus
391 573 472 633 lactis
491 573 580 632 habet
601 591 691 650 quam
713 573 874 649 sanguinis,
897 581 926 630 et
947 572 1079 631 montani

234 673 374 751 asparagi,
397 674 494 749 posito
515 690 590 749 quos
611 671 679 748 legit
700 671 783 731 vilica
803 671 867 730 fuso
878 689 887 743 ;

234 773 354 849 grandia
375 781 523 848 praeterea
543 778 676 846 tortoque
699 768 821 828 calentia
841 769 929 829 [aeno

235 890 290 930 ova
311 870 417 929 adsunt
438 870 508 946 ipsis
529 886 598 927 cum
619 867 768 938 matribus,
790 877 818 926 et
840 877 968 928 servatae

234 979 315 1046 parte
337 969 414 1039 anni,
438 968 539 1045 quales
559 967 673 1025 fuerant
694 965 725 1023 in
746 967 860 1039 vitibus,
882 984 964 1039 uvae,

236 1068 389 1144 Signinum
412 1067 584 1143 Syriumque
604 1066 709 1142 pirum,
732 1064 769 1123 de
791 1066 927 1124 corbibus
948 1063 1042 1123 isdem

235 1166 350 1225 aemula
370 1164 485 1225 Picenis
506 1175 535 1223 et
555 1164 653 1224 odoris
676 1164 753 1221 mala
775 1163 915 1223 recentis:

235 1284 290 1323 nec
312 1263 470 1322 metuenda
491 1263 550 1334 tibi,
572 1264 713 1323 siccatum
732 1262 838 1338 frigore
859 1271 1016 1339 postquam

235 1373 410 1422 autumnum
431 1371 459 1420 et
479 1363 560 1421 crudi
581 1381 706 1438 posuere
727 1361 856 1439 pericula
877 1360 948 1420 suci.

235 1462 307 1520 haec
329 1462 398 1520 olim
420 1460 510 1519 nostri
531 1461 589 1519 iam
610 1461 759 1519 luxuriosa
780 1470 897 1518 senatus

236 1579 308 1618 cena
330 1559 390 1617 fuit.
434 1558 538 1617 Curius
558 1577 649 1635 parvo
671 1577 746 1635 quae
766 1557 875 1633 legerat
894 1556 988 1626 horto,

235 1658 297 1733 ipse
319 1657 390 1716 focis
412 1658 546 1716 brevibus
566 1658 696 1733 ponebat
716 1655 876 1726 holuscula,
898 1671 973 1732 quae
995 1670 1074 1714 nunc

236 1756 382 1832 squalidus
403 1756 432 1813 in
453 1774 561 1832 magna
581 1756 687 1814 fastidit
708 1754 851 1831 compede
871 1754 974 1824 fossor,

237 1854 286 1930 qui
307 1854 446 1923 meminit,
468 1853 578 1912 calidae
600 1853 692 1929 sapiat
714 1852 784 1929 quid
805 1853 888 1910 vulva
908 1851 1044 1929 popinae.

237 1953 307 2011 sicci
329 1962 410 2028 terga
432 1953 499 2022 suis,
520 1970 585 2010 rara
605 1952 765 2028 pendentia
785 1960 875 2022 crate,

237 2050 326 2109 moris
348 2060 408 2108 erat
429 2049 578 2127 quondam
599 2048 678 2108 sestis
699 2067 810 2108 servare
832 2049 934 2108 diebus

238 2158 265 2206 et
286 2148 451 2206 natalicium
470 2148 602 2223 cognatis
624 2166 734 2224 ponere
755 2147 876 2218 lardum,
963 2182 966 2186 ι

238 2246 396 2305 accedente
417 2263 503 2317 nova,
524 2246 548 2305 si
569 2264 658 2323 quam
679 2247 767 2304 dabat
788 2246 891 2318 hostia,
913 2262 1009 2304 carne.

238 2354 431 2420 cognatorum
452 2342 555 2421 aliquis
575 2344 659 2402 titulo
681 2354 723 2403 ter
742 2345 872 2404 consulis
893 2353 981 2422 atque

238 2451 398 2501 castrorum
419 2442 545 2518 imperiis
566 2453 595 2501 et
615 2436 760 2502 dictatoris
782 2443 894 2502 honore

238 2541 354 2599 functus
375 2539 412 2599 ad
433 2539 486 2598 has
506 2540 607 2616 epulas
629 2541 713 2601 solito
733 2542 875 2600 maturius
895 2543 964 2614 ibat,

238 2650 367 2698 erectum
389 2639 500 2698 domito
521 2637 647 2698 referens
669 2659 686 2697 a
707 2651 807 2698 monte
828 2641 965 2715 ligonem.

238 2756 307 2797 cum
327 2746 482 2796 tremerent
503 2748 600 2795 autem
622 2737 728 2796 Fabios
750 2739 913 2815 durumque
935 2739 1080 2798 Catonem

238 2848 266 2895 et
288 2837 414 2896 Scauros
431 2845 462 2894 et
483 2836 640 2908 Fabricios
658 2847 808 2912 postremo
829 2857 944 2898 severos

238 2937 366 2995 censoris
387 2953 484 2994 mores
505 2936 592 2995 etiarn
613 2936 724 3012 collega
745 2937 867 3010 timeret,

238 3053 328 3094 nemo
348 3035 421 3094 inter
442 3053 524 3093 curas
545 3045 574 3093 et
595 3035 669 3092 seria
690 3035 771 3093 duxit
791 3036 968 3108 habendum,

238 3135 331 3211 qualis
351 3135 383 3191 in
405 3132 525 3192 Oceano
546 3133 635 3191 fluctu
656 3132 771 3191 testudo
793 3144 913 3206 nataret,

238 3233 348 3291 clarum
367 3231 545 3307 Troiugenis
565 3231 675 3289 lactura
696 3241 725 3289 et
746 3232 844 3292 nobile
865 3232 998 3304 fulcrum,

239 3329 290 3388 sed
311 3329 392 3389 nudo
410 3329 498 3388 latere
516 3338 547 3387 et
567 3330 663 3405 parvis
684 3329 764 3388 frons
785 3349 869 3390 aerea
890 3331 971 3391 lectis

238 3427 293 3486 vile
315 3427 446 3486 coronati
467 3436 553 3504 caput
575 3427 747 3486 ostendebat
768 3429 856 3500 aselli,

239 3526 277 3584 ad
298 3525 378 3602 quod
397 3524 494 3583 lascivi
515 3526 653 3584 ludebant
674 3527 746 3585 ruris
768 3527 887 3587 alumni.

240 3620 325 3704 [tales
346 3641 418 3699 ergo
437 3623 503 3694 cibi,
520 3624 616 3701 qualis
638 3625 743 3684 domus
764 3635 851 3703 atque
873 3622 1024 3706 supellex]

238 3731 307 3779 tunc
328 3721 407 3781 rudis
427 3731 456 3780 et
478 3720 581 3779 Graias
602 3723 699 3780 mirari
721 3724 837 3781 nescius
858 3733 934 3782 artes

238 3821 357 3880 urbibus
378 3818 484 3879 eversis
505 3804 677 3897 praedarum
700 3823 730 3879 in
751 3831 831 3899 parte
851 3831 966 3900 reperta
