2714 4350
441 310 609 371 SATURA
631 314 707 370 XII.
723 303 899 370 80—XIII.
913 323 962 369 11.

174 479 244 540 aiter
265 481 354 553 enim,
376 480 399 539 si
421 480 567 540 concedas
588 487 724 550 mactare,
745 478 860 538 vovebit

174 579 210 637 de
231 597 322 656 grege
343 598 491 639 servorum
511 596 620 656 magna
641 587 670 636 ct
689 577 884 654 pulcherrima
905 593 1039 653 quaeque

173 696 309 755 corpora,
329 678 373 736 vel
394 679 491 755 pueris
513 687 543 736 et
563 668 705 746 frontibtrs
727 675 895 734 ancillarum

174 777 307 853 imponet
327 777 420 848 vittas,
442 787 470 835 et
491 776 515 834 si
536 793 596 853 qua
616 785 660 834 est
680 774 785 832 nubilis
806 773 846 832 illi

175 874 329 952 Iphigenia
351 874 439 944 domi,
462 874 542 932 dabit
564 874 641 932 hanc
661 873 805 944 altaribus,
828 872 882 930 etsi

174 991 235 1032 non
257 983 355 1050 sperat
377 973 501 1049 tragicae
524 972 626 1029 furtiva
647 970 761 1047 piacula
782 989 893 1030 cervae.

174 1071 261 1130 laudo
282 1089 382 1129 meum
403 1072 504 1142 civem,
526 1089 581 1130 nec
604 1087 745 1145 comparo
767 1078 940 1130 testamento

174 1169 252 1228 mille
272 1178 365 1240 rates;
394 1188 464 1227 nam
485 1169 508 1228 si
530 1167 688 1226 Libitinam
709 1168 830 1226 evaserit
850 1186 945 1244 aeger,

175 1267 281 1327 delebit
301 1266 423 1340 tabulas,
446 1266 575 1326 inclusus
596 1284 713 1325 carcere
734 1283 848 1337 nassae,
875 1264 877 1268 ’

174 1376 241 1443 post
261 1367 397 1424 meritum
418 1384 488 1425 sane
508 1365 683 1434 mirandum,
705 1374 794 1442 atque
815 1366 915 1423 omnia
936 1365 991 1425 soli

174 1463 273 1523 forsan
294 1463 421 1523 Pacuvio
441 1464 564 1523 breviter
579 1463 672 1536 dabit,
694 1463 741 1521 ille
762 1464 904 1540 superbus

174 1561 288 1621 incedet
307 1561 389 1620 victis
410 1562 552 1620 rivalibus.
594 1579 665 1638 ergo
686 1561 766 1620 vides
787 1579 876 1638 quam

174 1660 283 1738 grande
304 1678 412 1737 operae
433 1661 557 1738 pretium
574 1659 665 1719 'iaciat
688 1659 816 1735 iugulata
837 1658 979 1736 Mycenis.

174 1760 249 1817 vivat
270 1758 420 1830 Pacuvius,
435 1776 562 1836 quaes0,
584 1758 629 1816 vel
651 1757 775 1818 Nestora
796 1767 898 1829 totum,

174 1856 322 1933 possideat
342 1867 485 1933 quantum
505 1857 600 1933 rapuit
623 1856 714 1928 Nero,
732 1857 883 1916 montibus
905 1873 1007 1915 aurum

174 1963 323 2032 exaequet,
346 1973 402 2013 nec
423 1964 500 2014 amet
521 1972 708 2031 quemquam,
731 1972 787 2012 nec
808 1962 919 2011 ametur
941 1954 980 2011 ab
1001 1951 1076 2011 ullo!

497 2190 901 2200 Ἣ

553 2383 659 2432 maan
682 2381 846 2446 Qururus

644 2614 766 2689 XIII.

174 2812 317 2875 Exuurno
339 2815 544 2894 quodcumque
565 2816 644 2876 malo
666 2816 861 2888 committitur,
879 2817 937 2893 ipsi

173 2912 303 2990 displicet
323 2916 441 2974 auctori.
483 2915 576 2992 prima
597 2925 640 2975 est
661 2915 734 2974 haec
756 2915 837 2988 ultio,
858 2915 939 2992 quod
960 2934 992 2973 se

173 3011 266 3071 iudice
287 3031 376 3071 nemo
397 3031 508 3072 nocens
531 3012 695 3087 absolvitur,
718 3014 851 3091 improba
873 3014 1004 3092 quamvis

173 3112 263 3188 gratia
283 3111 377 3177 fallaci
398 3112 539 3188 praetoris
560 3113 658 3172 vicerit
679 3131 760 3171 urna.

173 3210 243 3286 quid
261 3210 367 3269 sentire
387 3220 473 3286 putas
493 3228 605 3283 omnes,
628 3211 756 3282 Calvine,
778 3211 886 3270 recenti

173 3309 208 3367 de
229 3309 338 3368 sceiere
360 3318 388 3367 et
409 3309 476 3367 fidei
491 3309 613 3368 violatae
634 3310 773 3368 crimine?
802 3308 854 3370 sed
876 3327 932 3368 nec

173 3417 232 3465 tam
252 3408 347 3465 tenuis
369 3426 474 3466 census
495 3407 546 3464 tibi
569 3407 699 3483 contigit,
721 3417 753 3466 ut
773 3407 928 3465 mediocris

172 3505 298 3565 iacturae
320 3515 348 3564 te
369 3515 482 3582 mergat
501 3524 584 3578 onae,
609 3524 663 3564 nec
685 3523 749 3564 rara
769 3506 901 3564 videmus

173 3623 247 3681 quae
268 3604 393 3681 pateris;
423 3621 507 3663 casus
528 3603 626 3662 multis
646 3604 693 3662 hic
715 3605 850 3680 cognitus
871 3621 906 3661 ac
927 3603 986 3662 iam

173 3704 251 3761 tritus
274 3711 303 3762 et
324 3723 340 3761 e
362 3703 459 3763 medio
479 3703 613 3762 fortunae
635 3702 738 3762 ductus
759 3721 871 3762 acervo

128 3877 130 3891 ,
174 3819 318 3875 ponamus
339 3802 444 3862 nimios
465 3803 598 3880 gemitus.
641 3802 809 3878 flagrantior
831 3820 926 3879 aequo
