2714 4350
494 315 663 371 sarona
687 317 727 372 rc.
743 324 901 393 137-211.

174 479 360 558 sarcophago
382 488 537 540 contentus
559 478 619 540 erit.
661 498 741 540 mors
762 480 824 540 sola
844 481 956 554 fatetur,

130 579 315 667 ,aquantula
335 581 393 638 sint
413 578 568 639 hominum
589 578 770 656 corpuscula.
813 581 938 640 creditur
957 580 1027 640 olim

130 676 141 711 l
175 678 334 738 velificatus
354 676 451 738 Athos
471 686 500 737 et
521 678 665 755 quidquid
687 677 811 738 Graecia
832 678 960 739 mendax

174 778 261 839 audet
278 775 313 835 *in
333 776 461 849 historia,
483 785 664 837 constratum
685 777 826 837 classibus
846 778 941 837 isdem

175 875 418 954 suppositumque
439 876 509 934 rotis
530 875 657 935 solidum
677 894 767 946 mare,
788 876 934 936 credimus
954 875 1029 936 altos

175 973 317 1034 defecisse
338 992 440 1034 amnes
461 983 607 1052 epotaque
628 969 750 1033 flumina
772 972 864 1034 Medo
889 963 891 965 ’
970 1024 972 1031 ,

175 1072 347 1150 prandente·
367 1083 396 1132 et
417 1073 542 1134 madidis
563 1083 660 1157 cantat
681 1090 757 1151 quae
779 1072 923 1134 Sostratus
944 1073 1004 1134 alis.

175 1171 222 1231 ille
242 1182 343 1231 tamen
364 1171 458 1249 qualis
479 1171 563 1245 rediit
584 1170 731 1231 Salamine
752 1171 876 1244 relictas

175 1270 206 1328 in
228 1268 340 1329 Corum
361 1281 448 1347 atque
469 1270 580 1328 Eurum
601 1270 702 1330 solitus
722 1271 832 1331 saevire
853 1271 975 1350 flagellis

175 1369 315 1428 barbarus
336 1367 440 1428 Aeolio
461 1385 622 1446 numquam
643 1368 752 1430 hocin
773 1388 888 1430 carcere
909 1390 1021 1448 passos,

175 1469 273 1545 ipsum
294 1468 486 1544 compedibus
506 1468 556 1546 qui
576 1461 709 1528 vinxerat
729 1468 991 1546 Ennosigaeum-

178 1566 276 1625 mitius
296 1566 326 1625 id
348 1584 426 1638 sane,
448 1567 528 1645 quod
550 1585 612 1626 non
632 1575 662 1626 et
683 1568 819 1644 stigmate
840 1568 963 1646 dignum

176 1664 306 1725 credidit.
348 1664 416 1724 huic
438 1665 594 1743 quisquam
614 1665 699 1726 vellet
720 1666 825 1726 servire
847 1666 970 1727 deorum
979 1670 1029 1727 l·-

177 1763 228 1822 sed
249 1763 344 1841 qualis
364 1763 468 1822 rediit?
489 1765 596 1842 nempe
617 1782 678 1824 una
698 1783 779 1835 nave,
801 1766 926 1825 cruentis

176 1861 313 1922 fluctibus
332 1881 368 1922 ac
389 1849 472 1922 tarda
492 1881 546 1940 per
566 1862 658 1922 densa
679 1863 821 1922 cadavera
842 1882 938 1940 prora.

176 1960 229 2020 has
249 1961 356 2021 totiens
377 1971 476 2040 optata
496 1962 592 2039 exegit
613 1961 706 2039 gloria
726 1965 855 2038 poenasl

241 2059 307 2118 ‘Da
327 2059 454 2135 spatium
475 2060 558 2132 vitae,
579 2061 688 2120 multos
709 2060 755 2131 da,
777 2061 916 2138 Iuppiter,
938 2062 1063 2121 annosl'

178 2157 235 2218 hoc
256 2157 315 2217 alto
336 2157 424 2230 vultu,
446 2158 541 2219 solum
561 2158 618 2218 hoc
640 2169 669 2218 et
690 2159 813 2236 pallidus
835 2170 928 2236 optas.

177 2255 229 2315 sed
250 2274 341 2334 quam
362 2256 510 2317 continuis
531 2267 560 2316 et
580 2258 697 2335 quantis
718 2258 809 2333 longa
830 2247 963 2318 senectus

177 2355 266 2431 plena
285 2354 387 2414 malisl
409 2355 571 2416 deformem
591 2366 621 2416 et
640 2365 765 2415 taetrum
787 2366 854 2417 ante
875 2357 975 2417 omnia
995 2357 1106 2417 vultum

178 2453 406 2532 dissimilemque
427 2455 480 2525 sui,
502 2454 663 2514 deformem
683 2472 738 2532 pro
760 2464 825 2515 cute
847 2455 953 2532 pellem

177 2551 391 2629 pendentisque
411 2569 503 2629 genas
523 2560 553 2610 et
573 2551 637 2611 talis
658 2553 755 2629 aspice
775 2571 871 2629 rugas,

178 2651 289 2729 quales,
311 2650 483 2710 umbriferos
503 2651 554 2710 ubi
574 2650 678 2728 pandit
698 2650 856 2711 Thabraca
876 2651 974 2723 s'alttrs,

179 2750 210 2810 in
229 2748 325 2809 vetula
346 2749 450 2827 scalpit
469 2751 529 2809 iam
549 2758 642 2809 mater
663 2745 747 2808 simiai
768 2751 870 2810 bucca.

179 2849 306 2926 plurima
328 2858 397 2908 sunt
417 2849 554 2908 iuvenum
575 2848 752 2920 discrimina,
774 2848 923 2926 pulchrior
943 2848 990 2909 ille

179 2947 244 3020 hoc,
263 2957 352 3025 atque
373 2948 421 3007 ille
442 2947 508 3020 alio,
530 2946 654 3006 multum
675 2946 722 3006 hic
743 2948 891 3008 robustior
910 2947 977 3020 illo;

180 3061 239 3104 una
260 3063 366 3126 senum
386 3045 484 3116 facies,
505 3063 574 3104 cum
594 3063 666 3104 voce
687 3047 839 3105 trementia
860 3047 993 3106 memb'ra

181 3153 209 3203 et
229 3144 290 3203 iam
312 3143 374 3203 leve
396 3152 484 3221 caput
504 3142 672 3222 madidique
692 3142 814 3203 infantia
833 3145 907 3216 nasi,

181 3241 360 3318 frangendus
380 3242 488 3301 misero
508 3242 625 3318 gingiva
645 3243 730 3318 panis
751 3243 864 3301 inermi.

181 3359 274 3419 usque
295 3340 370 3400 adeo
390 3340 487 3417 gravis
506 3340 592 3398 uxori
612 3341 746 3418 natisque
768 3341 889 3419 sibique,

169 3443 213 3499 *ut
233 3439 376 3516 captatori
397 3447 513 3499 moveat
532 3437 649 3498 fastidia
670 3440 772 3500 Cosso.

182 3556 243 3597 non
263 3536 369 3597 eadem
387 3537 447 3596 vini
468 3546 556 3614 atque
577 3538 634 3597 cibi
653 3549 787 3617 torpente
808 3538 907 3616 palato
958 3561 964 3570 ·

182 3636 288 3712 gaudia
350 3634 366 3669 *
431 3634 447 3669 *
511 3634 526 3668 *
591 3635 606 3669 *
668 3638 765 3715 aspice
786 3638 876 3714 partis

183 3751 261 3795 nunc
282 3735 423 3794 damnum
443 3734 568 3808 alterius.
598 3753 669 3795 nam
690 3754 766 3814 quae
786 3744 924 3796 cantante
943 3732 1085 3812 voluptas,

184 3832 218 3892 sit
236 3833 306 3894 licet
325 3833 460 3907 eximius,
482 3832 660 3907 citharoedo,
680 3835 752 3896 sitve
774 3834 914 3896 Seleucus
