2714 4350
368 901 412 963 D.
446 901 573 968 IUNII
610 903 877 970 IUVENALIS

419 1116 826 1193 SATURARUM

482 1335 589 1385 LIBER
621 1335 762 1387 PRIMUS.

561 1563 660 1594 --4-

502 1749 636 1843 ,L

94 1983 213 2044 Srrrrrnn
234 2003 291 2062 ego
311 1985 425 2046 auditor
445 1987 578 2045 tantum?
604 2004 805 2064 numquamne
825 2003 969 2063 reponam

93 2092 213 2142 vexatus
234 2084 339 2144 totiens
359 2086 440 2145 rauci
460 2084 606 2144 Theseide
628 2084 741 2145 Cordi?

93 2182 215 2259 impune
236 2201 306 2259 ergo
328 2183 400 2243 mini
420 2184 580 2243 recitaverit
599 2183 646 2243 ille
667 2191 790 2260 togatas,
810 2224 814 2231 -

93 2277 140 2339 hic
162 2279 285 2357 elegos?
312 2282 432 2359 impune
453 2281 533 2340 diem
553 2281 768 2359 consumpserit
788 2281 894 2357 ingens

93 2376 256 2456 Telephus
275 2389 326 2438 aut
346 2381 453 2439 summi
473 2379 562 2457 plena
582 2380 642 2437 iam
662 2379 795 2456 margine
816 2379 882 2438 libri

33 2532 35 2536 Α
93 2476 217 2554 scriptus
238 2477 318 2537 etin
339 2488 423 2555 tergo
443 2477 570 2537 necdum
591 2478 687 2538 finitus
709 2477 874 2556 Oresteslr

92 2585 164 2636 nota
183 2576 279 2652 magis
299 2575 370 2634 nulli
391 2576 498 2636 domus
518 2587 563 2635 est
584 2593 645 2649 sua,
667 2594 757 2654 quam
778 2576 850 2634 mihi
871 2577 954 2636 lucus

92 2672 196 2734 Martis
215 2685 245 2734 et
264 2673 377 2735 Aeoliis
397 2675 525 2734 vicinum
544 2674 666 2751 rupibus
686 2683 802 2732 antrum

92 2771 227 2832 Vulcani
271 2771 342 2850 quid
362 2782 451 2850 agant
471 2773 557 2845 venti,
579 2790 653 2850 quas
673 2782 806 2849 torqueat
826 2774 944 2832 umbras

90 2872 215 2943 Aeacus,
236 2871 316 2931 unde
336 2871 408 2931 alius
428 2871 547 2930 furtivae
568 2871 690 2931 devehat
710 2889 814 2930 aurum

91 2969 253 3046 pelliculae,
274 2979 399 3048 quantas
420 2969 560 3030 iaculetur
576 2968 746 3047 Monychus
766 2988 866 3042 ornos,

92 3065 248 3128 Frontonis
268 3067 379 3145 platani
398 3068 595 3146 convulsaque
615 3086 761 3127 marmora
781 3067 910 3127 clamant

92 3181 208 3242 semper
227 3175 256 3225 et
276 3165 400 3226 adsiduo
418 3176 520 3243 ruptae
540 3166 649 3226 lectore
669 3165 841 3225 columnae:

92 3271 241 3340 exspectes
260 3263 364 3324 eadem
384 3282 403 3323 a
423 3281 540 3324 summo
560 3264 741 3340 minimoque
761 3273 857 3340 poeta.

92 3370 121 3419 et
139 3378 194 3421 nos
214 3379 286 3440 ergo
307 3380 429 3422 manum
449 3361 557 3422 femiae
578 3362 776 3433 subduximus
800 3372 830 3421 et
849 3379 904 3420 nos

93 3460 245 3520 consilium
265 3461 399 3522 dedimus
421 3461 527 3534 Sullae,
547 3462 675 3539 privatus
697 3470 729 3519 ut
749 3460 840 3520 altum

94 3555 228 3619 dormiret
233 3577 243 3632 ;
271 3558 358 3619 stulta
377 3569 421 3618 est
441 3558 605 3632 clementia,
625 3577 694 3620 cum
715 3568 757 3618 tot
777 3559 886 3636 ubique

38 3652 41 3659 '
94 3656 203 3717 vatibus
223 3674 368 3728 occurras,
388 3658 532 3735 periturae
552 3676 670 3736 parcere
692 3657 816 3717 chartae.

96 3768 143 3811 cur
160 3754 259 3815 tamen
278 3753 338 3816 hoc
357 3755 453 3834 potius
473 3755 561 3816 libeat
582 3757 735 3817 decurrere
756 3773 872 3834 campo,

576 3874 596 3916 rr
