2714 4350
168 349 227 411 118
467 357 506 411 D.
529 356 646 411 IUNII
664 354 897 411 IUVENALIS

165 501 293 580 pergula,
316 500 473 579 discipulus
494 502 640 580 Trypheri
660 500 796 577 doctoris,
820 514 890 581 aput
910 521 999 581 quem

165 602 277 660 sumine
299 620 366 660 cum
387 619 497 675 magno
517 600 600 678 lepus
621 611 709 678 atque
729 621 798 679 aper
818 612 846 660 et
866 621 1013 680 pygargus

136 705 137 708 ’
165 711 193 759 et
216 700 368 777 Scythicae
390 699 522 759 volucres
544 711 573 758 et
594 700 843 777 phoenicopterus
864 702 970 778 ingens

165 809 193 859 et
215 797 355 858 Gaetulus
376 816 448 874 oryx
469 797 566 856 hebeti
586 797 745 857 lautissima
766 799 842 857 ferro

166 896 293 956 caeditur
313 905 342 954 et
363 906 424 954 tota
446 906 530 954 sonat
551 896 647 954 ulmea
669 915 743 955 cena
765 897 886 956 Subura.

166 1013 220 1054 nec
241 995 364 1053 frustum
386 1013 507 1072 capreae
529 994 690 1054 subducere
711 1014 766 1054 nec
787 995 862 1054 latus
882 995 971 1055 Afrae

166 1094 245 1152 novit
265 1093 326 1151 avis
347 1103 453 1164 noster,
475 1092 633 1151 tirunculus
654 1111 689 1150 ac
710 1093 789 1151 rudis
809 1093 891 1151 omni

165 1202 295 1268 tempore
316 1201 345 1249 et
365 1192 487 1267 exiguae
505 1190 586 1250 furtis
607 1192 725 1249 inbutus
746 1191 859 1250 ofellae.

166 1291 296 1368 plebeios
317 1290 422 1348 calices
443 1300 471 1348 et
492 1290 593 1366 paucis
615 1290 727 1349 assibus
747 1299 861 1366 emptos

166 1391 293 1466 porriget
313 1389 437 1447 incultus
457 1408 530 1466 puer
549 1399 636 1466 atque
657 1407 675 1447 a
695 1388 802 1465 frigore
823 1399 919 1463 tutus3

167 1506 227 1547 non
250 1487 347 1563 Phryx
369 1497 419 1544 aut
440 1487 555 1564 Lycius
578 1506 639 1546 non
661 1506 679 1545 a
697 1506 846 1563 mangone
866 1489 974 1564 petitus

168 1587 321 1663 quisquam
343 1585 396 1643 erit
416 1596 445 1644 et
465 1603 583 1662 magno.
626 1604 695 1644 cum
716 1604 831 1662 posces,
850 1604 941 1662 posce
964 1585 1077 1647 Latine.
1138 1612 1141 1619 ·

167 1684 245 1742 idem
266 1683 381 1741 habitus
404 1683 524 1755 cunctis,
545 1684 621 1742 tonsi
642 1685 769 1760 rectique
790 1684 885 1761 capilli

168 1791 255 1858 atque
275 1781 362 1840 hodie
383 1791 496 1839 tanturn
516 1793 635 1858 propter
656 1782 787 1842 convivia
806 1781 883 1858 pexi.

167 1879 289 1957 pastoris
311 1880 375 1938 duri
396 1880 443 1939 hic
463 1891 507 1939 est
528 1881 611 1952 filius,
634 1881 681 1938 ille
702 1881 828 1939 bubulci.

168 1979 292 2055 suspirat
313 1979 403 2054 longo
425 1997 486 2037 non
505 1979 599 2037 visam
621 1989 752 2056 tempore
774 1988 906 2048 matrem,

168 2086 197 2135 et
218 2075 348 2134 casulam
369 2087 398 2135 et
418 2087 505 2136 notos
526 2078 613 2137 tristis
635 2077 781 2160 desiderat
801 2076 920 2147 haedos

168 2175 288 2250 ingenui
308 2175 401 2234 vultus
422 2194 495 2252 puer
516 2176 693 2253 ingenuique
715 2175 843 2252 pudoris,

169 2272 269 2349 quales
290 2290 353 2332 esse
376 2272 460 2332 decet
481 2293 555 2351 quos
576 2274 681 2333 ardens
702 2293 830 2351 purpura
849 2276 941 2334 vestit.

62 2425 65 2431 .
169 2371 216 2430 hic
238 2371 290 2428 tibi
310 2372 377 2430 vina
398 2371 478 2429 dabit
500 2372 604 2430 diffusa
625 2374 656 2431 in
677 2374 826 2432 montibus
847 2374 911 2443 illis,

170 2489 187 2528 a
210 2469 315 2546 quibus
336 2470 397 2545 ipse
418 2470 504 2540 venit,
525 2489 650 2546 quorum
672 2473 727 2530 sub
748 2472 854 2530 vertice
875 2472 957 2542 lusit3

169 2564 311 2649 [namque
331 2587 390 2626 una
411 2577 498 2645 atque
515 2569 618 2627 eadem
639 2579 681 2629 est
702 2571 760 2629 vini
781 2571 875 2647 patria
896 2581 985 2648 atque
1006 2567 1149 2651 ministri]

170 2683 231 2723 non
253 2665 329 2742 capit
350 2666 403 2725 has
424 2684 518 2742 nugas
540 2666 656 2726 humilis
677 2667 793 2728 domus.
834 2668 934 2727 audiat
954 2669 1002 2727 ille

170 2773 309 2821 testamm
330 2764 453 2840 crepitus
536 2780 551 2813 *
637 2781 652 2815 *
738 2781 752 2814 *
838 2782 853 2816 *

170 2862 220 2938 qui
242 2861 508 2921 Lacedaemonium
528 2866 682 2941 pytismate
702 2865 824 2924 lubricat
844 2865 944 2925 orbem
955 2885 964 2938 ;
1172 2885 1232 2937 175.

170 2978 298 3036 namque
319 2961 358 3017 ibi
379 2960 511 3019 fortunae
531 2965 646 3022 veniam
668 2963 780 3022 damus.
822 2963 885 3022 alea
905 2964 1005 3040 turpis,

170 3069 252 3135 turpe
273 3068 301 3117 et
322 3058 492 3118 adulterium
514 3061 724 3134 mediocribus;
747 3061 819 3120 haec
841 3060 944 3120 eadem
966 3062 1006 3119 illi

171 3157 272 3214 omnia
294 3175 361 3214 curn
380 3157 496 3228 faciunt,
518 3158 624 3219 hilares
646 3160 786 3236 nitidique
808 3170 957 3218 vocantur.

172 3266 272 3312 nostra
293 3254 403 3313 dabunt
424 3256 496 3315 alios
517 3257 604 3316 hodie
625 3259 757 3317 convivia
778 3258 870 3329 ludos

173 3352 307 3409 conditor
328 3352 436 3412 Iliados
458 3356 619 3414 cantabitur
641 3367 729 3433 atque
752 3355 885 3415 Maronis

173 3450 288 3507 altisoni
308 3449 427 3508 dubiam
448 3451 581 3513 facientia
601 3456 733 3536 carmina
754 3456 891 3532 palmam.

174 3547 242 3623 quid
264 3547 357 3619 refert,
378 3549 449 3607 tales
471 3569 568 3610 versus
590 3572 649 3630 qua
669 3571 741 3612 voce
761 3553 916 3630 legantur?

236 3644 294 3703 Sed
315 3666 393 3706 nunc
414 3649 507 3709 dilatis
527 3663 623 3711 averte
643 3653 762 3728 negotia
778 3652 853 3710 curis

174 3751 203 3800 et
223 3753 335 3818 gratam
356 3747 484 3822 requiem
505 3748 583 3808 dona
605 3751 663 3820 tibi,
685 3751 804 3827 quando
825 3750 922 3809 licebit

175 3858 226 3915 per
246 3850 341 3900 totum
362 3861 474 3903 cessare
496 3846 582 3907 diem.
623 3867 684 3909 non
704 3849 813 3908 fenoris
833 3849 892 3907 ulla
