2714 4350
492 312 659 367 SATURA
689 311 755 366 VII.
771 303 910 388 39-108.

175 496 236 538 non
257 476 346 536 habet
365 476 463 536 infelix
485 476 622 536 Numitor
642 475 723 553 quod
743 476 837 535 mittat
858 477 961 548 amic0,

175 575 336 648 Quintillae
354 575 434 652 quod
456 575 545 634 donet
565 574 660 647 habet,
683 593 738 632 nec
759 573 848 633 defuit
869 576 909 633 illi

174 675 254 734 unde
276 683 384 733 emeret
405 673 496 731 multa
517 674 699 750 pascendum
720 692 808 732 carne
829 673 945 733 leonem

174 772 233 830 iam
254 771 405 830 domitum.
442 781 556 830 constat
577 771 675 831 leviori
696 771 780 830 belua
802 781 919 848 sumptu

174 872 321 941 nimirum,
342 880 370 928 et
391 871 509 946 capiunt
528 870 593 946 plus
613 870 749 929 intestina
768 881 881 947 poetae.

175 980 330 1029 contentus
350 968 428 1028 fama
448 969 541 1028 iaceat
561 969 699 1027 Lucanus
720 969 750 1026 in
771 969 861 1029 hortis

174 1068 359 1139 marmoreis,
385 1078 414 1126 at
436 1067 562 1126 Serrano
584 1068 721 1144 tenuique
744 1067 840 1128 Saleio

174 1165 275 1243 gloria·
286 1166 467 1242 quantalibet
486 1165 557 1242 quid
578 1165 639 1236 erit,
660 1167 683 1226 si
704 1166 796 1242 gloria
816 1176 929 1225 tantum
949 1168 1013 1230 esti

175 1265 298 1323 curritur
319 1264 356 1322 ad
376 1282 480 1324 vocem
501 1264 657 1323 iucundam
678 1275 707 1324 et
728 1283 847 1323 carmen
868 1266 980 1325 amicae

174 1362 354 1435 Thebaidos
376 1363 482 1422 laetam
503 1381 572 1421 cum
591 1362 660 1422 fecit
682 1363 789 1425 Statius
809 1365 911 1422 urbem
990 1427 992 1433 ¹

174 1465 363 1540 promisitque
384 1464 478 1522 diem:
505 1473 586 1521 tanta
607 1463 759 1525 dulcedine
780 1473 882 1539 captos

176 1562 274 1621 adficit
293 1562 340 1621 ille
361 1563 485 1634 animos,
507 1571 644 1637 tantaque
665 1561 784 1620 libidine
804 1561 882 1637 volgi

176 1661 308 1732 auditur;
332 1659 383 1719 sed
404 1678 472 1719 cum
493 1660 575 1735 fregit
596 1661 733 1722 subsellia
753 1678 847 1730 versu,

176 1760 272 1830 esurit,
293 1759 431 1818 intactam
453 1757 550 1816 Paridi
570 1759 627 1816 nisi
648 1758 746 1816 vendit
764 1758 898 1834 Agaven.

176 1857 221 1916 ille
242 1867 271 1916 et
292 1857 410 1916 militiae
431 1857 530 1915 multis
551 1856 672 1933 largitus
688 1856 835 1916 honorem

176 1955 327 2014 semenstri
349 1956 453 2031 digitos
474 1965 572 2013 vatum
593 1955 772 2031 circumligat
792 1974 869 2014 auro.

177 2054 258 2133 quod
278 2073 340 2113 non
361 2054 431 2112 dant
452 2072 595 2132 proceres,
617 2053 697 2112 dabit
718 2054 825 2113 histrio.
843 2056 844 2059 ’
860 2064 893 2112 tu
914 2053 1085 2115 Camerinos
1174 2061 1176 2065 '

177 2164 205 2212 et
225 2153 358 2225 Baream,
380 2163 412 2211 tu
432 2152 573 2212 nobilium
593 2171 701 2228 magna
722 2153 793 2212 atria
814 2155 918 2213 curas?

176 2251 341 2329 praefectos
362 2251 490 2328 Pelopea
510 2251 586 2322 iacit,
607 2250 768 2310 Philomela
788 2252 930 2312 tribunos.

176 2350 245 2409 haut
266 2361 366 2410 tamen
386 2350 514 2409 invideas
535 2351 601 2423 uati,
618 2368 706 2427 quem
728 2350 839 2427 pulpita
860 2361 990 2427 pascunt.

178 2451 241 2525 quis
262 2430 313 2507 tibi
335 2449 502 2522 Maecenas,
524 2450 590 2527 quis
610 2467 689 2508 nunc
709 2450 762 2508 erit
783 2460 832 2508 aut
852 2451 1020 2510 Proculeius

178 2559 225 2608 aut
247 2547 364 2619 Fabius,
386 2548 450 2624 quis
472 2547 559 2607 Cotta
579 2549 691 2621 iterum,
713 2550 779 2626 quis
798 2549 940 2608 Lentulus
961 2550 1052 2608 alter?

178 2656 247 2704 tunc
268 2665 322 2722 par
343 2646 460 2723 ingenio
481 2647 614 2723 pretium,
636 2656 706 2705 tunc
726 2647 794 2706 utile
816 2648 912 2706 multis

179 2744 284 2821 pallere
306 2754 334 2802 et
354 2744 455 2804 vinum
475 2755 537 2804 toto
559 2745 669 2804 nescire
691 2745 855 2805 Decembri.

239 2843 345 2902 Vester
365 2862 451 2920 porro
472 2843 554 2903 labor
575 2843 734 2916 facundior,
756 2845 939 2905 historiarum

179 2943 359 3026 scriptoresi
376 2942 451 3018 perit
470 2941 518 3001 hic
539 2942 604 3020 plus
624 2944 764 3019 temporis
784 2953 871 3020 atque
886 2943 947 3002 olei
969 2944 1040 3018 plus.
1097 2968 1100 2979 ·

180 3040 257 3100 nullo
280 3041 390 3117 quippe
411 3039 500 3099 modo
521 3041 696 3100 millensima
715 3041 822 3117 pagina
844 3043 933 3118 surgit

181 3139 316 3198 omnibus
336 3148 365 3197 et
386 3138 488 3197 crescit
504 3134 600 3198 ⁴‘multa
620 3138 762 3198 damnosa
783 3158 912 3215 papyr0;

181 3235 220 3294 sic
241 3237 346 3312 ingens
366 3254 464 3295 rerum
484 3255 621 3296 numerus
641 3237 719 3295 iubet
741 3246 828 3312 atque
849 3254 971 3312 operum
988 3236 1045 3294 lex.

182 3352 255 3410 quae
276 3345 375 3393 tamen
395 3333 462 3393 inde
484 3352 576 3410 seges,
598 3346 688 3395 terrae
709 3335 774 3410 quis
795 3333 903 3393 fructus
924 3325 1063 3410 apertae?¹

183 3433 245 3510 quis
266 3432 346 3491 dabit
366 3432 512 3505 historico,
535 3442 676 3510 quantum
697 3433 777 3490 daret
797 3443 862 3491 acta
882 3432 1007 3508 legenti?

242 3531 318 3591 ‘Sed
339 3550 432 3607 genus
453 3531 598 3607 ignavum,
621 3532 701 3608 quod
722 3532 797 3590 lecto
818 3532 927 3608 gaudet
947 3541 976 3591 et
996 3533 1117 3591 umbra!
1187 3556 1231 3604 105

186 3627 229 3689 dic
249 3631 342 3707 igitur,
364 3629 435 3706 quid
455 3630 607 3689 causidicis
628 3631 722 3689 civilia
742 3639 889 3707 praestent

186 3727 275 3787 officia
295 3739 326 3788 et
346 3747 456 3804 magno
478 3729 598 3789 comites
619 3731 649 3789 in
671 3729 749 3789 fasce
770 3729 876 3789 libelli?

187 3823 238 3901 ipsi
257 3845 366 3904 magna
387 3837 500 3900 sonant,
521 3829 655 3890 sedtum
676 3847 745 3887 cum
766 3829 890 3888 creditor
910 3828 990 3887 audit
