2714 4350
233 322 273 390 88
533 332 573 389 o.
595 330 713 386 Junrr
730 329 966 386 IUVENALIS

230 498 346 560 credere
367 517 442 575 quae
463 497 558 574 possis
579 497 716 574 subrepta
736 497 884 557 sororibus
904 496 999 570 Afris;

230 608 263 657 tu
283 598 380 657 scabie
400 597 501 655 frueris
521 596 600 667 mali,
617 596 696 672 quod
717 595 748 654 in
769 615 875 672 aggere
896 596 993 655 rodit·

229 697 279 774 qui
299 697 405 772 tegitur
425 714 526 772 parma
546 705 575 753 et
595 695 678 770 galea
700 704 890 772 metuensque
911 694 1018 771 flagelli

229 795 311 855 discit
332 795 371 852 ab
390 794 499 853 hirsuta
518 793 644 852 iaculum
664 802 798 871 torquere
820 793 937 869 capella

228 892 349 952 forsitan
369 893 519 969 impensae
540 890 697 949 Virronem
717 909 835 966 parcere
857 890 975 962 credas3

227 990 285 1050 hoc
305 990 373 1066 agit,
394 1001 425 1049 ut
446 990 563 1062 doleas;
589 1007 658 1046 nam
680 1007 755 1064 quae
777 988 939 1059 comoedia,
961 988 1069 1048 mimus

129 1152 132 1159 ,
227 1089 292 1166 quis
313 1089 415 1148 melior
435 1087 566 1165 plorante
587 1087 675 1164 gula?
699 1104 770 1162 ergo
791 1087 890 1147 omnia
911 1086 992 1159 fiunt,

227 1190 252 1246 si
272 1189 375 1262 nescis,
397 1196 428 1245 ut
450 1205 501 1263 per
521 1186 657 1245 lacrimas
677 1185 827 1244 effundere
847 1185 935 1244 bilem

227 1287 340 1363 cogaris
361 1304 521 1363 pressoque
543 1285 591 1342 diu
613 1284 733 1343 stridere
754 1284 864 1343 molari.
923 1362 927 1371 ,

225 1395 257 1443 tu
277 1385 329 1443 tibi
349 1384 422 1443 liber
441 1383 533 1442 homo
553 1393 582 1441 et
601 1383 676 1459 regis
697 1384 820 1442 conviva
840 1383 961 1442 videris:

226 1492 345 1559 captum
365 1492 394 1540 te
415 1481 518 1540 nidore
539 1499 608 1539 suae
628 1490 711 1557 putat
732 1481 778 1540 illc
799 1480 920 1552 culinae,

225 1599 281 1639 nec
303 1582 378 1639 male
399 1581 560 1639 coniectat:
582 1581 647 1656 quis
667 1579 745 1637 enim
767 1588 828 1638 tam
848 1579 954 1652 nudus,
976 1580 1109 1639 utillum

224 1679 269 1736 bis
290 1677 370 1751 serat,
390 1677 546 1736 Etruscum
567 1695 658 1755 puero
680 1678 704 1736 si
725 1679 847 1754 contigit
867 1696 971 1736 aurum

224 1777 269 1835 vel
290 1777 385 1837 nodus
406 1786 519 1836 tantum
539 1786 568 1835 et
588 1777 706 1853 signum
726 1776 763 1834 de
784 1794 910 1853 paupere
931 1776 1020 1835 lorol‘

224 1892 291 1951 spes
311 1876 387 1933 bene
409 1875 535 1934 cenandi
555 1892 608 1933 vos
630 1874 745 1951 decipit,
764 1878 851 1934 ‘ecce
872 1874 953 1933 dabit
972 1860 1043 1932 iam'

224 1991 370 2032 semesum
390 1974 522 2050 leporem*
540 1983 628 2051 atque
649 1974 758 2050 aliquid
779 1973 822 2032 dc·
837 1973 970 2032 clunibus
990 1974 1061 2051 apri,

224 2069 262 2128 ad
284 2089 339 2129 nos
361 2071 420 2128 iam
440 2071 535 2130 veniet
556 2072 651 2130 minor
672 2071 775 2142 altilis,'
796 2070 865 2130 inde
886 2080 993 2148 parato.

222 2169 391 2245 intactoque
412 2187 516 2229 omnes
537 2180 566 2228 et
587 2171 684 2229 stricto
706 2188 783 2246 pane
805 2170 914 2229 iacetis.

222 2266 269 2326 ille
290 2268 374 2343 sapit,
396 2266 493 2344 quite
515 2267 557 2327 sic
577 2269 674 2327 utitur.
718 2269 817 2328 omnia
838 2268 911 2328 serre

223 2365 247 2423 si
269 2374 361 2440 potes,
383 2376 412 2424 et
433 2365 539 2425 debes:
564 2367 741 2444 pulsandum
761 2368 865 2426 vertice
882 2385 948 2427 raso

222 2464 373 2540 praebebis
394 2465 570 2542 quandoque
592 2476 688 2542 caput,
710 2484 766 2526 nec
788 2467 861 2527 dura
882 2466 999 2528 timebis

222 2560 313 2637 flagra
333 2563 395 2640 pati
415 2561 459 2620 his
481 2562 573 2639 epulis
594 2572 624 2622 et
645 2565 695 2622 tali
717 2564 823 2642 dignus
844 2566 952 2624 amico..

605 2790 880 2804 *FU-¹¹·—

452 2984 496 3048 D.
543 2983 689 3048 IUNIl
734 2984 1039 3052 IUVENALIS

533 3100 964 3199 snruunnun

598 3261 702 3310 LIBER
735 3263 895 3314 TERTIUS.

507 3376 529 3417 st
658 3378 680 3420 -κ-
810 3379 831 3421 tt
960 3379 983 3421 rt

709 3493 801 3566 Vll.

218 3639 266 3699 Er
287 3657 352 3716 spes
374 3649 401 3700 et
422 3643 494 3700 ratio
518 3642 677 3702 studiorum
698 3643 729 3701 in
751 3644 876 3704 Caesare
897 3655 1019 3714 tantum,

219 3737 298 3797 solus
318 3738 397 3796 enim
418 3739 511 3798 tristes
531 3738 587 3800 hac
607 3750 776 3818 tempestate
798 3743 943 3804 Camenas

218 3834 351 3912 respexit,
373 3853 441 3893 cum
462 3836 521 3894 iam
541 3837 670 3899 celebres
690 3841 809 3920 notique
830 3853 933 3918 poetae
