2714 4350
208 346 250 410 74
507 336 548 392 D.
570 335 687 390 IUNII
704 334 942 390 IUVENALIS

207 500 330 558 creditur
351 509 439 576 atque
460 498 542 570 deoS,
564 500 609 560 dis
629 500 848 575 ignoscentibus
869 498 945 576 ipsis.

206 598 379 674 quidquod
400 598 549 657 materiam
570 599 690 674 praebet
710 615 870 674 causasque
891 597 1023 654 iocorum

207 696 344 755 omnibus
364 696 411 756 bic
432 697 519 769 idem,
541 697 565 755 si
586 696 672 756 foeda
693 706 722 755 et
742 696 830 754 scissa
851 695 974 765 lacerna,

205 795 229 854 si
250 806 320 871 toga
340 796 486 855 sordidula
506 806 549 854 est
569 805 598 854 et
616 806 701 871 rupta
722 795 836 853 calceus
857 793 928 851 alter

207 894 282 971 pelle
303 904 390 971 patet,
411 894 456 953 vel
478 896 501 952 si
522 905 645 954 consuto
665 893 784 952 vulnere
805 910 933 952 crassum

207 1001 295 1070 atque
316 1012 417 1052 recens
437 993 529 1050 linum
550 992 675 1051 ostendit
695 1011 756 1051 non
777 1010 836 1049 una
857 989 997 1049 cicatrix?

208 1092 248 1150 nil
269 1092 357 1151 habet
377 1091 477 1150 infelix
498 1100 653 1167 paupertas
674 1090 774 1149 durius
795 1090 826 1147 in
848 1107 888 1160 se,

208 1207 297 1265 quam
318 1189 398 1264 quod
420 1186 556 1246 ridiculos
576 1188 711 1246 homiues
732 1187 807 1246 facit.
851 1184 989 1257 “exeat'’
1010 1183 1112 1263 inquit,

209 1287 262 1346 “si
283 1288 379 1363 pudor
399 1297 451 1357 est,
472 1296 501 1344 et
522 1285 559 1344 de
580 1285 699 1361 pulvino
721 1294 820 1362 surgat
840 1284 973 1361 equestri,

208 1387 289 1445 cuius
310 1405 356 1444 res
376 1386 435 1462 legi
455 1404 516 1444 non
537 1384 648 1455 sufficit,
670 1396 699 1443 et
720 1385 839 1443 sedeant
859 1383 906 1442 hic

207 1484 347 1543 lenonum
367 1484 448 1561 pueri
469 1502 656 1560 quocumque
677 1503 694 1542 e
716 1484 825 1542 fornice
846 1482 915 1553 nati,

208 1582 256 1641 hic
278 1582 396 1658 plaudat
416 1582 498 1640 nitidi
518 1583 671 1658 praeconis
694 1582 769 1641 filius
790 1582 863 1640 inter

209 1680 354 1757 pinnirapi
375 1681 466 1741 cultos
487 1682 604 1739 iuvenes
624 1682 798 1757 iuvenesque
820 1679 956 1749 lanistae;

209 1778 249 1836 sic
270 1779 384 1837 libitum
404 1797 489 1850 vano,
512 1779 561 1855 qui
582 1797 637 1838 nos
658 1779 797 1850 distinxit,
819 1775 956 1837 Othoni.'’

209 1878 274 1956 quis
294 1897 384 1954 gener
404 1878 451 1937 hic
472 1878 579 1954 placuit
600 1896 690 1937 censu
710 1879 807 1936 minor
828 1887 914 1953 atque
935 1874 1047 1952 puellae

210 1977 360 2035 sarcinulis
381 1977 493 2054 impar?
523 1978 588 2054 quis
609 1995 720 2053 pauper
741 1976 875 2034 scribitur
895 1974 999 2032 heres?

210 2074 329 2151 quando
349 2075 379 2131 in
400 2076 521 2134 consilio
543 2086 585 2134 est
607 2076 766 2134 aedilibus?
794 2075 911 2151 agmine
931 2071 1011 2132 facto

210 2172 370 2231 debuerant
390 2173 461 2233 olim
481 2185 583 2233 tenues
604 2175 742 2250 migrasse
764 2173 899 2246 Quirites

209 2270 280 2329 haut
300 2270 383 2331 facile
403 2283 564 2348 emergunt,
587 2290 713 2349 quorum
733 2271 883 2330 virtutibus
904 2280 1001 2347 opstat

211 2387 256 2428 res
277 2380 400 2446 angusta
421 2371 509 2440 domi,
531 2370 582 2429 sed
605 2370 718 2429 Romae
740 2369 837 2428 durior
858 2369 912 2427 illis

211 2477 341 2539 conatus,
365 2486 475 2544 magno
496 2468 656 2544 hospitium
677 2468 848 2540 miserabile,
870 2486 980 2544 magno

211 2585 358 2625 servorum
380 2577 494 2626 ventres
515 2577 543 2626 et
563 2566 640 2644 frugi
660 2567 764 2626 cenula
785 2585 904 2642 magno.

210 2665 345 2723 fictilibus
366 2683 469 2723 cenare
490 2665 589 2742 pudet,
611 2664 691 2742 quod
711 2676 795 2742 turpe
816 2665 938 2741 negabis

210 2763 364 2821 translatus
385 2764 479 2822 subito
500 2764 538 2822 ad
559 2763 675 2822 Marsos
696 2781 886 2840 mensamque
908 2762 1054 2821 Sabellam

211 2873 421 2938 contentusque
442 2862 499 2920 illic
521 2872 624 2921 veneto
645 2863 777 2938 duroque
799 2860 922 2921 cucullo.

210 2978 277 3039 pars
298 2979 407 3036 magna
429 2960 528 3018 Italiae
550 2971 602 3031 est,
624 2962 648 3019 si
669 2979 769 3020 verum
791 2960 978 3030 admittimus,
999 2960 1030 3017 in
1051 2979 1109 3036 qua

211 3078 299 3120 nemo
320 3070 421 3136 togam
442 3060 529 3118 sumit
551 3059 605 3119 nisi
626 3069 765 3118 mortuus.
808 3060 871 3135 ipsa
893 3059 1006 3117 dierum

210 3158 349 3218 festorum
370 3158 493 3216 herboso
515 3157 616 3215 colitur
637 3157 661 3216 si
683 3158 802 3235 quando
823 3157 935 3216 theatro

212 3257 345 3314 maiestas
366 3257 541 3333 tandemque
563 3257 636 3314 redit
657 3256 695 3313 ad
715 3255 826 3333 pulpita
846 3265 950 3314 notum

211 3354 357 3425 exodium,
378 3372 446 3413 cum
467 3373 609 3430 personae
630 3355 762 3430 pallentis
783 3354 893 3412 hiatum

212 3452 242 3509 in
261 3453 374 3527 gremio
394 3452 493 3511 matris
513 3452 648 3512 formidat
669 3453 790 3510 rusticus
810 3451 912 3524 infans

211 3549 347 3626 aequales
367 3549 481 3609 habitus
502 3551 559 3608 illic
581 3551 746 3627 similesque
767 3551 878 3609 videbis

212 3648 390 3707 orchestram
411 3658 440 3707 et
460 3649 613 3726 populum,
636 3649 704 3707 clari
725 3649 858 3708 velamen
879 3649 998 3708 honoris

213 3747 360 3806 sufficiunt
380 3747 494 3806 tunicae
515 3747 635 3805 summis
657 3747 795 3807 aedilibus
816 3747 906 3806 albae.

212 3847 259 3906 hic
281 3846 353 3904 ultra
375 3846 449 3903 vires
470 3844 584 3903 habitus
604 3846 687 3916 nitor,
711 3845 757 3906 hic
778 3846 885 3924 aliquid
906 3845 970 3923 plus
