2714 4350
176 311 236 389 122'
476 330 516 385 o.
537 330 654 386 runt!
671 328 906 385 rovanarrs

173 494 309 554 interiora
329 492 401 570 petit
421 492 548 552 Baianae
570 494 668 570 pervia
689 495 813 553 cumbae

173 594 226 650 tuti
248 604 350 670 stagna
372 594 461 665 sinus,
483 593 611 669 gaudent
632 593 683 650 ubi
704 593 807 651 vertice
828 610 894 652 raso

173 691 287 768 garrula
308 692 401 750 securi
422 709 538 750 narrare
558 691 686 768 pericula
706 700 820 750 nautae.

235 791 279 849 Ite
298 791 394 867 igitur,
414 789 506 866 pueri,
528 789 691 865 linguisque
712 790 875 866 animisque
897 788 1027 850 faventes

175 900 308 967 sertaque
328 888 454 948 delubris
474 898 504 947 et
524 888 600 946 farra
621 889 753 965 inponite
775 889 873 948 cultris

174 1009 208 1048 ac
230 988 325 1048 mollis
346 997 447 1048 omate
467 987 551 1046 socos
572 986 746 1064 glebamque
766 987 923 1046 virentem!

174 1089 233 1147 iam
253 1106 358 1164 sequar
379 1098 407 1146 et
427 1105 520 1158 sacro,
542 1087 623 1164 quod
644 1095 779 1163 praestat,
801 1087 853 1144 rite
874 1097 992 1163 peracto

174 1187 242 1246 inde
263 1186 384 1245 domurn
405 1194 544 1262 repetam,
560 1184 687 1260 graciles
703 1184 753 1242 ubi
774 1202 863 1260 parva
883 1202 1010 1243 coronas

175 1285 321 1361 accipiunt
343 1283 436 1361 fragili
458 1283 610 1342 simulacra
631 1283 753 1341 nitentia
774 1300 850 1341 cera.

175 1383 223 1441 hic
244 1393 376 1441 nostrum
397 1381 523 1458 placabo
545 1381 646 1440 Iovem
667 1381 850 1458 Laribusque
871 1381 1000 1457 paternis

175 1491 239 1539 tura
260 1481 337 1540 dabo
359 1491 446 1557 atque
467 1480 563 1539 omnis
583 1479 676 1537 violae
696 1479 811 1537 iactabo
833 1479 954 1538 colores.

177 1589 283 1640 cuncta
303 1580 405 1650 nitent,
426 1578 532 1655 longos
553 1579 644 1636 erexit
666 1579 753 1635 ianua
774 1596 872 1637 ramos

177 1691 205 1738 et
225 1678 373 1736 matutinis
395 1687 531 1755 operatur
552 1677 624 1735 festa
644 1676 776 1735 lucernis.

238 1775 303 1835 Nec
325 1785 460 1853 suspecta
482 1775 532 1834 tibi
554 1775 611 1834 sint
632 1774 713 1846 haec,
737 1774 870 1834 Corvine.
912 1774 1053 1846 Catullus,

177 1893 232 1955 pro
253 1875 335 1933 cuius
356 1874 448 1933 reditu
469 1884 512 1933 tot
533 1892 613 1950 pono
634 1873 742 1943 altaria,
763 1891 869 1949 parvos

177 1984 235 2033 tres
256 1973 345 2031 habet
365 1972 495 2031 heredes.
536 1972 606 2030 libet
627 1983 791 2049 expectare,
812 1972 878 2048 quis
899 1989 1017 2047 aegram

178 2082 206 2130 et
227 2071 411 2130 claudentem
433 2072 534 2130 oculos
558 2070 697 2147 gallinam
717 2070 856 2146 inpendat
877 2070 973 2128 arnico

178 2180 238 2228 tarn
260 2169 485 2228 sterili-verum
507 2169 580 2228 haec
601 2169 691 2227 nimia
711 2179 755 2228 est
775 2170 906 2244 inpensa,
928 2170 1063 2227 coturnix

178 2267 256 2324 nulla
277 2284 417 2344 umquam
438 2285 492 2343 pro
513 2277 594 2343 patre
615 2267 709 2326 cadet.
750 2267 855 2325 sentire
877 2265 1004 2325 calorem

179 2366 203 2424 si
224 2365 321 2442 coepit
342 2364 471 2441 locuples
493 2364 611 2423 Gallitta
631 2374 661 2423 et
681 2365 786 2424 Pacius
807 2365 880 2435 orbi,

180 2463 308 2540 legitime
330 2462 395 2520 fixis
416 2463 534 2542 vestitur
555 2473 614 2522 tota
635 2462 737 2522 libellis

179 2561 317 2639 porticus,
338 2562 465 2620 existunt
486 2562 535 2637 qui
556 2563 725 2638 promittant
745 2561 947 2632 hecatomben,

180 2670 322 2737 quatenus
343 2659 390 2719 hic
411 2679 472 2719 non
493 2671 560 2718 sunt
581 2679 635 2719 nec
651 2660 767 2719 venales
788 2659 941 2736 elephanti,

179 2777 234 2818 nec
255 2758 340 2816 Latio
361 2767 411 2816 aut
430 2776 556 2834 usquam
578 2760 632 2816 sub
653 2767 755 2817 nostro
777 2758 869 2817 sidere
890 2756 956 2816 talis

180 2856 264 2916 belua
285 2856 455 2933 concipitur,
477 2856 529 2914 sed
550 2857 631 2915 furva
651 2866 738 2933 gente
759 2856 848 2932 petita

180 2956 331 3014 arboribus
353 2954 468 3012 Rutulis
488 2966 518 3013 et
539 2954 634 3013 Turni
654 2955 783 3031 pascitur
803 2971 885 3030 agr0,

181 3053 314 3113 Caesaris
335 3062 507 3124 armentum,
529 3053 599 3110 nulli
621 3053 725 3112 servire
747 3062 881 3129 paratum

179 3152 301 3228 privato,
323 3152 467 3227 siquidem
489 3152 581 3227 Tyrio
601 3171 704 3228 parere
726 3151 859 3210 solebant

181 3249 341 3309 Hannibali
362 3260 390 3309 et
411 3251 515 3309 nostris
537 3250 660 3309 ducibus
681 3251 799 3327 regique
820 3247 955 3307 Molosso

180 3349 285 3408 horum
307 3349 431 3407 maiores
452 3367 487 3406 ac
510 3349 597 3409 dorso
618 3348 691 3407 serre
714 3348 850 3407 cohortes

181 3457 293 3522 partem
315 3446 442 3523 aliquam
462 3447 538 3518 belli,
560 3458 589 3506 et
610 3458 727 3506 euntem
749 3447 779 3504 in
800 3446 911 3523 proelia
932 3453 1051 3504 turrem.
1179 3459 1219 3500 rro
1260 3457 1263 3466 ⁴

181 3543 260 3602 nulla
281 3545 366 3620 igitur
387 3562 470 3603 mora
491 3565 543 3622 per
564 3544 701 3617 Novium,
723 3564 805 3603 mora
826 3545 905 3602 nulla
926 3563 977 3621 per
1000 3543 1133 3603 Histrum

181 3642 348 3713 Pacuvium,
370 3643 439 3719 quin
460 3644 531 3702 illud
552 3645 623 3702 ebur
643 3644 765 3703 ducatur
784 3643 822 3701 ad
843 3662 907 3702 aras

182 3750 211 3799 et
232 3739 317 3798 cadat
338 3751 405 3799 ante
426 3740 516 3800 Lares
538 3742 673 3801 Gallittae
693 3743 817 3814 victima,
840 3741 904 3801 sola

183 3839 270 3896 tantis
290 3838 380 3914 digna
401 3838 462 3898 deis
482 3849 512 3900 et
532 3841 727 3917 captatoribus
748 3840 861 3899 horum.

173 4150 204 4191 A,
