2714 4350
206 329 246 411 78
512 337 552 391 D.
575 336 691 392 IUNII
708 336 942 392 IUVENALIS

204 522 261 574 me,
283 519 372 578 quem
392 501 460 559 luna
481 501 554 560 solet
575 501 717 560 deducere
738 501 783 559 vel
802 503 888 561 breve
907 503 1007 560 lumen

204 601 351 672 candelae,
372 601 454 659 cuius
475 600 612 676 dispenso
632 609 662 658 et
681 608 813 676 tempero
835 601 923 673 iilum,

204 701 373 759 contemnit.
408 700 530 758 miserae
552 716 699 775 cognosce
721 699 873 776 prooemia
894 701 981 769 rixae,

205 801 229 856 si
250 799 312 856 rixa
333 808 385 869 est,
406 797 456 856 ubi
476 808 509 856 tu
529 798 636 874 pulsas
657 817 714 874 ego
734 799 840 874 vapulo
861 808 983 858 tantum.

206 906 262 957 stat
282 907 384 956 contra
404 897 529 973 starique
549 897 637 955 iubet.
672 916 774 974 parere
795 916 913 956 necesse
934 907 987 967 est,

206 1015 275 1054 nam
297 996 367 1074 quid
387 1014 467 1071 agas,
488 1013 557 1053 cum
577 1005 605 1054 te
626 995 751 1055 furiosus
772 1006 858 1072 cogat
878 1006 908 1054 et
928 995 1005 1054 idem

206 1095 324 1153 fortior?
353 1094 458 1153 “unde
478 1093 599 1151 venis?”
621 1094 781 1165 exclamat3
803 1095 911 1153 “cuius
931 1105 1023 1163 aceto,

206 1195 286 1252 cuius
306 1193 419 1252 conche
440 1193 553 1250 tumes?
578 1193 643 1268 quis
663 1203 760 1251 tecum
781 1193 877 1252 sectile
898 1211 1017 1269 porrum

131 1323 139 1344 .
206 1302 285 1351 sutor
305 1301 333 1350 et
354 1291 422 1349 elixi
442 1290 569 1348 vervecis
589 1290 670 1349 labra
691 1291 838 1350 comedit?

206 1391 247 1450 nil
268 1391 340 1448 mihi
360 1389 539 1466 respondes?
563 1401 612 1448 aut
633 1389 689 1460 dic,
711 1400 760 1448 aut
780 1391 881 1467 accipe
903 1389 1030 1448 calceml

207 1490 269 1563 ede,
290 1490 340 1547 ubi
362 1488 520 1548 consistas!
545 1489 576 1547 in
597 1506 656 1565 qua
676 1498 704 1546 te
726 1507 837 1566 quaero
857 1485 1062 1566 proseucha?’'

208 1588 303 1648 dicere
324 1588 348 1646 si
368 1596 492 1662 temptes
512 1587 620 1664 aliquid
641 1588 776 1646 tacitusve
798 1587 925 1660 recedas,

206 1687 387 1746 tantumdem
407 1697 459 1758 est,
479 1687 584 1746 feriunt
603 1687 719 1764 pariter,
740 1686 906 1745 vadimonia
927 1684 1031 1744 deinde

206 1787 270 1843 irati
290 1784 415 1857 iaciunt3
436 1785 552 1844 libertas
572 1786 706 1862 pauperis
726 1785 798 1843 haec
818 1795 879 1842 est:

207 1884 336 1960 pulsatus
357 1894 446 1959 rogat,
461 1894 489 1942 et
509 1885 615 1961 pugnis
637 1885 771 1943 concisus
793 1883 903 1953 adorat,

207 1994 239 2041 ut
259 1983 342 2041 liceat
363 1983 463 2059 paucis
485 2002 552 2041 curn
574 1983 707 2042 dentibus
728 1982 795 2041 inde
816 1983 926 2040 reverti.

207 2100 261 2140 nec
281 2090 380 2139 tamen
401 2081 472 2139 haec
492 2090 606 2140 tanturn
627 2091 748 2152 metuas,
770 2099 838 2138 nam
860 2080 911 2157 qui
932 2079 1036 2156 spoliet
1057 2091 1085 2138 te

207 2198 269 2238 non
290 2178 370 2250 derit,
391 2180 494 2238 clausis
516 2181 652 2238 domibus
671 2189 829 2256 postquam
850 2179 946 2236 omnis
966 2178 1074 2254 ubique

207 2278 265 2335 fixa
286 2286 433 2336 catenatae
454 2277 529 2336 siluit
549 2297 694 2356 compago
713 2279 859 2336 tabernae.

207 2375 351 2434 interdum
372 2384 400 2433 et
421 2374 496 2434 ferro
517 2377 628 2434 subitus
648 2385 792 2452 grassator
813 2385 873 2452 agit
893 2393 964 2434 rem.

208 2483 320 2531 armato
340 2473 473 2548 quotiens
493 2483 571 2532 tutae
592 2474 712 2533 custode
733 2484 867 2532 tenentur

207 2582 236 2630 et
257 2570 413 2647 Pomptina
433 2572 515 2649 palus
536 2582 565 2631 et
586 2571 745 2632 Gallinaria
764 2573 858 2649 pinus,

209 2672 250 2728 sic
272 2668 339 2727 inde
361 2668 419 2728 huc
440 2688 544 2729 omnes
564 2681 716 2749 tamquam
738 2671 775 2730 ad
796 2671 901 2729 vivaria
921 2680 1048 2728 currunt.

209 2786 267 2845 qua
288 2767 405 2826 fornace
426 2786 537 2844 graves,
560 2787 619 2845 qua
639 2788 700 2828 non
722 2769 836 2839 incude,
857 2771 997 2827 catenae?

208 2867 352 2924 maximus
373 2866 404 2923 in
424 2866 524 2924 vinclis
545 2867 609 2926 ferri
629 2869 744 2939 modus,
766 2877 797 2925 ut
817 2868 927 2938 timeas
949 2885 987 2924 ne

209 2983 309 3024 vomer
329 2963 452 3037 deficiat,
473 2983 511 3022 ne
532 2984 644 3024 marrae
666 2977 694 3024 et
715 2966 826 3025 sarcula
847 2965 951 3024 desint.

208 3063 304 3123 felices
324 3081 500 3140 proavorum
521 3073 628 3135 atavos,
650 3065 744 3123 felicia
765 3063 845 3123 dicas

208 3160 331 3230 saecula,
353 3180 427 3239 quae
449 3161 599 3238 quondam
620 3163 674 3221 sub
695 3162 810 3237 regibus
832 3170 918 3238 atque
940 3161 1060 3219 tribunis

209 3258 341 3317 viderunt
362 3278 422 3318 uno
443 3269 609 3319 contentam
630 3278 743 3319 carcere
766 3259 903 3318 Romam.

271 3357 327 3415 His
348 3358 419 3417 alias
439 3370 571 3435 poteram
592 3368 620 3418 et
640 3358 728 3436 pluris
750 3361 920 3418 subnectere
941 3377 1052 3428 causas

209 3454 261 3512 sed
282 3455 411 3513 iumenta
431 3467 544 3528 vocant,
566 3467 595 3515 et
616 3457 660 3516 sol
682 3456 809 3529 inclinat,
830 3457 959 3515 eundum
981 3467 1032 3515 est.

209 3568 278 3609 nam
299 3551 370 3608 mihi
392 3563 538 3613 commota
560 3554 730 3613 iamdudum
751 3554 840 3612 mulio
861 3554 941 3629 virga

210 3649 430 3726 annuit—ergo
451 3651 513 3710 vale
535 3653 626 3712 nostri
646 3671 767 3722 memor,
790 3663 819 3710 et
839 3653 974 3729 quotiens
996 3663 1024 3710 te

211 3748 308 3808 Roma
330 3758 380 3808 tuo
400 3750 480 3809 refici
500 3761 704 3826 properantem
724 3751 827 3811 reddet
848 3751 974 3828 Aquino

210 3865 257 3906 me
279 3866 397 3924 quoque
418 3848 456 3906 ad
478 3847 634 3907 Helvinam
656 3849 793 3909 Cererem
814 3858 995 3926 vestramque
1017 3848 1145 3906 Dianam
