2714 4350
478 315 647 373 SATURA
677 317 743 371 VII.
763 309 922 392 109-178.

174 481 365 558 sardonyche,
388 490 474 558 atque
492 480 558 540 ideo
580 480 670 558 pluris
691 499 780 557 quam
802 479 903 541 Gallus
924 485 1038 560 agebat,

174 601 264 660 quam
286 580 407 639 Basilus.
442 598 507 637 rara
527 580 558 636 in
578 579 658 637 tenui
678 579 814 638 facundia
834 599 943 658 panno.

173 680 293 759 quando
314 680 380 739 licet
401 679 499 738 Basilo
520 679 639 736 flentem
660 678 821 755 producere
841 684 984 741 matrem?

174 782 239 858 quis
259 782 334 839 bene
355 780 500 838 dicentem
521 777 651 835 Basilum
671 777 761 837 ferat?
784 780 907 856 accipiat
928 790 957 840 te

174 879 271 939 Gallia
290 879 336 936 vel
356 877 453 955 potius
475 875 617 934 nutricula
637 877 849 936 causidicorum

173 978 281 1049 Africa,
303 978 327 1035 si
348 975 456 1053 placuit
475 972 640 1032 mercedem
660 993 769 1050 ponere
789 975 913 1053 linguae.
928 1052 1012 1071 Q
1203 1027 1235 1069 γ

146 1111 149 1116 ·
189 1083 203 1100 ¹
235 1076 408 1135 Declamare
429 1074 537 1133 doces?
561 1092 580 1133 0
600 1073 692 1132 ferrea
712 1083 830 1151 pectora
843 1075 932 1146 Vetti,
1182 1105 1228 1155 150

174 1176 221 1235 eui
242 1175 357 1252 perimit
379 1192 481 1233 saevos
502 1172 601 1231 classis
621 1191 776 1231 numerosa
797 1156 1009 1250 tyrannos?

174 1292 243 1331 nam
265 1291 467 1349 quaecumque
481 1268 592 1331 'sedens
612 1271 703 1331 modo
723 1271 840 1348 legerat,
859 1273 934 1332 haec
954 1275 1058 1335 eadem
1080 1287 1159 1336 stans

174 1371 297 1448 perferet
317 1381 403 1449 atque
424 1370 527 1430 eadem
548 1370 676 1429 cantabit
695 1371 824 1430 versibus
844 1372 956 1446 isdemJ

174 1471 281 1530 occidit
300 1471 422 1529 miseros
443 1471 560 1528 crambe
580 1469 702 1546 repetita
721 1469 883 1547 magistros.

175 1571 238 1647 quis
259 1569 340 1628 color
361 1578 389 1628 et
410 1566 491 1646 quod
512 1567 548 1625 sit
569 1585 674 1626 causae
695 1586 789 1643 genus
809 1579 896 1647 atque
917 1572 966 1630 ubi
987 1590 1102 1632 summa
1176 1599 1225 1649 =155

176 1668 316 1746 quaestio,
338 1686 414 1744 quae
433 1667 549 1725 veniant
564 1666 698 1726 diversae
718 1666 792 1725 lorte
813 1669 943 1745 sagittae,

176 1785 263 1826 nosse
283 1766 372 1824 velint
394 1783 506 1838 omnes,
527 1765 693 1825 mercedem
714 1766 825 1826 solvere
845 1786 942 1828 nemo.

177 1864 369 1924 “mercedem
391 1864 540 1941 appellas?
565 1863 636 1940 quid
653 1864 735 1922 enim
757 1863 864 1924 scio?''
888 1867 999 1944 “culpa
1020 1869 1151 1929 docentis

175 1964 285 2022 scilicet
305 1963 444 2040 arguitur,
466 1962 546 2039 quod
567 1963 664 2023 laevae
685 1973 767 2041 parte
789 1964 934 2024 mamillae

172 2063 215 2122 nil
236 2063 301 2121 salit
321 2063 466 2121 Arcadico
486 2063 590 2134 inveni,
611 2063 692 2121 cuius
713 2063 784 2120 mihi
805 2074 886 2123 sexta
1180 2079 1227 2127 160

175 2180 296 2239 quaque¹
312 2161 358 2220 die
379 2162 517 2220 miserum
539 2160 618 2220 dirus
639 2170 726 2237 caput
746 2161 874 2220 Annibal
894 2162 1012 2240 implet3

175 2259 315 2338 quidquid
335 2259 365 2319 id
385 2269 430 2319 est
449 2260 486 2318 de
507 2278 568 2337 quo
588 2260 735 2332 deliberat,
756 2279 795 2319 an
815 2272 895 2338 petat
911 2250 1016 2322 urbem
1139 2240 1182 2299 Ὺ

175 2378 192 2417 a
213 2359 334 2431 CanniS,
355 2377 394 2416 an
414 2367 482 2435 post
502 2359 619 2418 nimbos
639 2367 668 2417 et
687 2358 808 2418 fulmina
829 2370 930 2419 cautus

175 2458 353 2535 circumagat
372 2457 505 2515 madidas
527 2475 545 2516 a
565 2467 734 2534 tempestate
755 2458 897 2518 cohortes.

176 2556 380 2633 quantumvis
401 2555 544 2632 stipulare,
565 2565 594 2614 et
613 2556 748 2632 protinus
768 2558 878 2633 accipe,
900 2558 980 2636 quod
1001 2561 1048 2631 do,
1180 2568 1225 2632 1⁶5

176 2665 206 2714 ut
227 2656 333 2716 totiens
354 2655 435 2714 illum
456 2665 537 2731 pater
557 2652 683 2714 audiat.''
716 2655 788 2715 haec
810 2657 857 2715 alii
877 2675 929 2716 sex

177 2755 218 2813 vel
239 2755 336 2832 plures
357 2772 417 2812 uno
439 2753 624 2812 conclamant
641 2772 695 2813 ore
715 2754 870 2831 sophistae,

177 2864 204 2911 et
223 2871 307 2912 veras
327 2854 438 2929 agitant
457 2853 521 2912 lites
542 2861 658 2929 raptore
681 2852 781 2912 relicto
791 2873 801 2926 ;

177 2949 239 3010 fusa
260 2969 372 3010 venena
393 2951 484 3021 silent,
505 2950 599 3009 malus
616 2950 809 3028 ingratusque
828 2952 955 3023 maritus,

178 3059 205 3122 et
224 3068 299 3128 quae
320 3050 379 3108 iam
399 3060 509 3110 veteres
530 3060 634 3109 sanant
653 3051 791 3109 mortaria
811 3069 925 3110 caecos.

177 3166 246 3224 ergo
266 3149 322 3207 sibi
343 3149 421 3207 dabit
442 3151 504 3226 ipse
525 3149 635 3220 rudem,
656 3149 679 3206 si
700 3158 799 3208 nostra
819 3150 978 3208 movebunt

178 3247 304 3319 consilia,
326 3257 355 3306 et
375 3248 450 3308 vitae
471 3248 614 3307 diversum
635 3248 687 3306 iter
707 3247 888 3323 ingredietur,

180 3345 216 3404 ad
235 3364 367 3423 pugnam
388 3346 438 3424 qui
458 3346 602 3407 rhetorica
622 3345 772 3405 descendit
792 3347 831 3404 ab
851 3345 961 3415 umbra,

180 3445 322 3503 summula
342 3463 380 3504 ne
400 3455 508 3522 pereat,
530 3463 588 3522 qua
608 3445 669 3503 vilis
690 3454 797 3503 tessera
817 3443 895 3502 venit

181 3539 330 3603 frumenti:
355 3543 465 3620 quippe
485 3544 558 3603 haec
578 3561 691 3603 merces
713 3543 879 3601 lautissima.
914 3551 1033 3620 tempta,
1184 3565 1229 3617 175

183 3636 387 3718 Chrysogonus
408 3638 509 3719 quanti
529 3642 634 3702 doceat
653 3641 698 3699 vel
719 3640 801 3700 Polio
823 3641 923 3718 quanti

183 3735 321 3807 lautorum
341 3758 456 3817 pueros,
478 3750 569 3800 artem
590 3741 704 3799 scindes
726 3739 886 3798 Theodori.

184 3832 283 3896 balnea
304 3830 492 3899 sescentis'et
512 3838 757 3917 plurisporticus,
776 3839 806 3898 in
828 3857 887 3918 qua
