2714 4350
234 306 275 370 82
456 266 460 276 ·
535 312 575 367 D.
599 305 718 366 IUNII
734 308 971 367 IUVENALIS

231 476 339 552 figebat
360 476 503 535 Numidas
524 472 639 535 Albana
659 476 754 535 nudus
775 476 884 535 harena

232 585 360 634 venator.
402 576 465 652 quis
486 576 564 634 enim
586 576 645 634 iam
666 592 728 634 non
749 574 897 651 intellegat
918 585 994 635 artes

232 675 387 750 patricias?
415 674 479 751 quis
501 674 628 750 priscum
649 673 720 731 illud
739 673 861 732 miratur
880 690 1014 746 acumen,

232 773 328 843 Brute,
347 774 447 832 tuum?
472 772 554 832 facile
575 782 619 831 est
640 773 764 831 barbato
785 773 924 848 inponere
945 773 1017 849 regi.

233 890 287 930 nec
309 871 410 931 melior
430 872 524 944 vultu,¹
537 871 668 948 quamvis
689 871 835 947 ignobilis,
854 871 913 929 ibat

233 973 369 1045 Rubrius,
387 973 516 1032 offensae
536 972 638 1031 veteris
659 988 724 1031 reus
744 981 832 1049 atque
852 971 1001 1043 tacendae,

232 1083 260 1130 et
281 1081 380 1130 tamen
400 1071 559 1148 improbior
580 1080 707 1131 saturam
728 1072 872 1130 scribente
894 1070 1027 1130 cinaede.
1119 1084 1122 1088 ⁴

233 1169 370 1229 Montani
391 1188 509 1247 quoque
528 1177 627 1228 venter
647 1169 728 1228 adest
749 1169 908 1229 abdomine
927 1169 1035 1241 tarduS,

233 1279 261 1326 et
281 1269 425 1328 matutino
447 1268 555 1328 sudans
575 1268 725 1344 Crispinus
747 1284 873 1340 amom0,

232 1377 374 1444 quantum
394 1368 446 1427 vix,
463 1366 596 1426 redolent
618 1366 678 1427 duo
699 1367 824 1439 funera3·
845 1367 957 1426 saevior
977 1367 1034 1426 illo·

230 1467 388 1542 Pompeius
408 1466 487 1524 tenui
508 1465 623 1542 iugulos
644 1466 754 1542 aperire
775 1483 910 1539 susurro,

231 1576 260 1625 et
281 1567 331 1642 qui
352 1565 511 1623 vulturibus
533 1565 667 1622 servabat
684 1563 795 1623 viscera
815 1563 905 1623 Dacis

231 1664 352 1746 Fuscus,
374 1681 538 1722 marmorea
558 1662 712 1721 meditatus
733 1663 843 1739 proelia
862 1663 943 1736 villa,

231 1773 259 1822 et
281 1781 348 1821 cum
369 1761 517 1822 mortifero
538 1762 665 1838 pmdens
685 1761 810 1820 Veiento
832 1762 955 1834 Getullu,

231 1864 282 1940 qui
304 1880 465 1939 numquam
486 1862 562 1919 visae
583 1860 725 1937 flagrabat
745 1878 845 1920 amore
866 1861 987 1938 puellae,

231 1960 340 2036 grande
362 1970 391 2019 et
412 1961 603 2036 conspicuum
625 1969 725 2020 nostro
746 1977 864 2039 quoque
885 1970 1019 2037 tempore
1039 1970 1213 2034 monstrum,
1237 1981 1280 2034 1¹5

232 2077 337 2118 caecus
358 2058 490 2117 adulator
510 2057 648 2135 dirusque
668 2076 686 2116 a
707 2067 797 2134 ponte
819 2058 941 2131 satelles,

232 2156 337 2232 dignus
354 2156 489 2214 Aricinos
508 2156 558 2232 qui
578 2155 758 2215 mendicaret
779 2156 816 2214 ad
837 2171 908 2217 axes

133 2283 136 2288 ·
232 2253 396 2334 blandaque
418 2254 546 2312 dexterrae
567 2254 685 2312 iactaret
706 2254 789 2313 basia
809 2254 912 2314 redae..

232 2370 320 2411 nemo
341 2352 435 2427 magis
456 2351 612 2411 rhombum
633 2353 759 2428 stupuit:
784 2369 855 2410 nam
876 2353 1001 2430 plurima
1023 2351 1096 2413 dixit

232 2453 262 2509 iu
283 2452 396 2510 laevum
418 2468 572 2509 conversus
579 2470 594 2522 3:
612 2459 640 2508 at
662 2450 702 2508 illi
723 2451 824 2509 dextra
845 2451 958 2510 iacebat

75 2539 79 2548 ’
176 2604 180 2613 ,
232 2550 326 2609 belua.
363 2549 404 2607 sic
425 2567 540 2626 pugnas
561 2547 660 2607 Cilicis
681 2549 817 2609 laudabat
838 2559 867 2608 et
888 2550 963 2610 ictus

232 2658 260 2707 et
281 2666 389 2726 pegma
409 2657 437 2706 et
458 2666 564 2724 pueros
585 2647 654 2706 inde
675 2649 713 2707 ad
733 2647 839 2706 velaria
860 2658 967 2724 raptos.

232 2766 293 2806 non
315 2746 391 2806 cedit
411 2747 545 2817 Veiento,
567 2755 609 2805 set
630 2755 662 2804 ut
682 2745 825 2807 fanaticus
846 2757 943 2806 oestro

231 2863 401 2924 percussus,¹
417 2843 553 2916 Bellona,
568 2854 620 2902 tuo
641 2844 751 2904 divinat
773 2855 801 2904 et
822 2847 944 2922 ‘ingens

233 2963 321 3003 omen
342 2941 449 3014 habes:
471 2943 574 3022 inquit,
598 2944 722 3020 ‘magni
736 2942 866 3023 clarique
887 2944 1044 3022 triumphi:
1238 2966 1280 3028 ¹²⁵

232 3060 331 3118 regem
353 3041 479 3118 aliquem
500 3041 606 3118 capies,
628 3051 678 3100 aut
700 3043 736 3123 de
756 3054 874 3102 temone
896 3042 1047 3103 Britanno
1134 3024 1138 3034 ¹
1257 3050 1266 3056 “’

232 3141 345 3199 excidet
366 3141 546 3216 Arviragus::
564 3132 781 3216 peregrina'est
801 3143 897 3214 belua,
920 3143 1014 3200 cernis

233 3248 342 3297 erectas
363 3239 394 3296 in
415 3248 496 3314 terga
517 3238 602 3298 sudes
611 3237 635 3298 l'
671 3240 729 3300 ltoc
751 3240 840 3299 deluit
860 3231 958 3299 unum.

233 3336 375 3407 Fabricio,
394 3338 518 3412 patriam
539 3346 571 3395 ut
592 3337 707 3396 rhombi
728 3351 905 3398 memoraret
925 3349 954 3398 et
975 3354 1086 3398 anuos..

232 3434 399 3512 “quidnam
420 3435 506 3510 igitur
527 3438 656 3496 censesr
676 3421 881 3497 conaturum
920 3438 1012 3496 ‘ausu
1033 3438 1072 3497 ab
1093 3437 1145 3497 ruo

234 3530 358 3590 dedecus
379 3531 452 3604 hoc,’
473 3532 635 3593 Montanus
657 3535 705 3594 ait.
748 3540 838 3594 ‘testa
860 3534 917 3594 alta
937 3545 1062 3612 paretur,

233 3648 307 3706 quae
328 3631 407 3688 tenui
428 3648 512 3690 muro
533 3634 694 3708 spatiosum
714 3633 832 3710 colligat
852 3635 963 3693 orbem.

234 3728 352 3787 debetur
373 3746 498 3804 magnus
519 3731 636 3806 patinae
657 3732 827 3809 subitusque
849 3731 1038 3792 Prometheus
1048 3752 1057 3806 ;
1117 3744 1119 3747 '

233 3827 366 3905 argillam
387 3837 474 3906 atque
495 3837 590 3887 rotam
611 3830 695 3890 citius
717 3833 888 3907 proper-atel
918 3831 970 3890 scd
991 3848 1028 3890 ex
1049 3831 1107 3892 hoc
