2714 4350
160 315 202 396 96
460 318 501 374 o.
523 319 639 376 runrr
656 320 899 378 ruranarrs
957 314 959 318 ’

159 486 319 545 Corvinum
339 495 367 545 et
389 485 514 544 Galbam
536 485 670 544 auriculis
691 506 823 565 nasoque
844 493 1012 549 carentem?

158 586 222 663 quis
244 585 361 655 fruetus
383 585 497 660 generis
517 585 616 644 tabula
636 585 741 644 iactare
764 589 865 663 capaci

159 681 339 766 [Corvinum
361 683 484 760 posthac
505 685 596 742 multa
617 685 785 761 contingere
806 683 901 768 virga]

159 784 290 843 fumosos
311 784 441 859 equitum
462 802 529 842 eum
551 783 691 842 dictatore
712 786 875 861 magistros

158 883 182 941 si
204 900 303 941 coram
324 881 444 957 Lepidis
465 881 542 941 male
562 882 682 941 vivitur?
704 884 814 959 effigies
835 902 896 961 quo

158 992 201 1041 tot
221 981 402 1052 bellatorum,
423 981 448 1039 si
468 980 574 1038 luditur
595 981 658 1039 alea
678 1000 791 1057 pernox

158 1090 225 1139 ante
247 1079 452 1150 Numantinos,
475 1080 499 1137 si
520 1079 645 1138 dormire
662 1080 771 1157 incipis
792 1091 857 1140 ortu

158 1179 275 1250 luciferi,
296 1196 357 1256 quo
378 1179 461 1254 signa
483 1177 573 1236 duces
593 1189 621 1237 et
643 1189 737 1238 castra
758 1181 937 1240 movebant?

158 1297 209 1336 cur
229 1277 426 1353 Allobrogicis
447 1286 475 1336 et
496 1296 606 1353 magna
625 1277 751 1352 gaudeat
772 1297 822 1338 ara

158 1388 243 1436 natus
264 1378 294 1434 in
317 1375 465 1435 Herculeo
486 1375 593 1435 Fabius
614 1377 682 1448 lare,
704 1378 728 1436 si
749 1378 880 1454 cupidus,
902 1379 926 1436 si

157 1496 247 1536 vanus
268 1485 296 1534 et
316 1475 457 1550 Euganea
478 1476 662 1551 quantumvis
682 1476 797 1535 mollior
818 1495 904 1553 agna,

157 1576 181 1634 si
202 1585 334 1633 tenerum
355 1575 467 1632 attritus
489 1573 638 1632 Catinensi
659 1575 775 1650 pumice
796 1575 930 1633 lumbum
960 1597 964 1604 ·

158 1674 315 1751 squalentis
335 1673 458 1732 traducit
479 1691 548 1730 avos
569 1682 742 1749 emptorque
759 1674 865 1732 veneni

157 1772 316 1849 frangenda
336 1773 472 1830 miseram
492 1771 619 1830 funestat
641 1772 768 1849 imagine
790 1774 928 1848 gentem?

157 1885 217 1933 tota
239 1875 304 1933 licet
325 1882 434 1933 veteres
456 1883 597 1932 exornent
617 1873 748 1950 undique
763 1892 852 1933 cerae

157 1973 236 2042 atria,
258 1972 393 2030 nobilitas
413 1972 475 2030 sola
494 1981 540 2030 est
560 1982 646 2048 atque
668 1973 756 2031 unica
777 1974 873 2031 virtus.

157 2072 263 2131 Paulus
284 2071 329 2129 vel
350 2070 461 2130 Cossus
481 2072 526 2130 vel
547 2069 660 2129 Drusus
681 2071 810 2130 moribus
830 2081 904 2143 esto,

155 2172 211 2235 hos
232 2180 299 2228 ante
320 2170 428 2245 effigies
449 2170 593 2229 maiorum
614 2188 693 2246 pone
713 2178 838 2240 tuorum,

155 2269 331 2347 praecedant
351 2268 429 2345 ipsas
450 2269 490 2326 illi
511 2279 538 2327 te
559 2269 679 2328 consule
694 2268 801 2345 uirgas.

156 2360 341 2443 prima'mihi
361 2368 449 2426 debes
471 2369 559 2426 animi
580 2370 667 2427 bona.
710 2377 829 2426 sanctus
845 2366 950 2425 'haberi

156 2468 334 2543 iustitiaeque
354 2475 440 2525 tenax
462 2466 543 2525 factis
565 2448 708 2543 dictisque
723 2467 874 2537 'mereris'

155 2566 307 2641 adgnosco
328 2583 495 2640 procerem3
517 2565 603 2637 salve,
623 2562 784 2637 Gaetulice,
806 2583 857 2623 seu
878 2573 910 2622 tu

157 2663 279 2735 Silanus,
301 2682 487 2739 quocumque
508 2664 564 2722 alio
581 2651 622 2723 ¹de
644 2664 804 2740 sanguine;
826 2680 908 2721 rarus

156 2764 225 2822 civis
246 2773 274 2822 et
295 2764 428 2839 egregius
448 2764 557 2839 patriae
578 2763 724 2839 contingis
746 2763 861 2834 ovanti3

155 2863 317 2921 exclamare
338 2862 415 2933 libet,
436 2862 561 2938 populus
583 2861 663 2938 quod
684 2861 789 2920 clamat
811 2860 888 2920 Osiri

155 2964 281 3020 invento.
323 2961 388 3038 quis
409 2960 487 3019 enim
509 2978 685 3036 generosum
706 2960 811 3018 dixerit
830 2958 918 3030 hunc,
940 2959 991 3036 qui

154 3061 291 3136 indignus
312 3078 419 3135 genere
440 3069 468 3117 et
489 3059 638 3136 praeclaro
660 3059 780 3117 nomine
801 3067 914 3116 tantum

154 3159 294 3235 insignis?
316 3176 427 3216 nanum
449 3157 600 3216 cuiusdam
620 3157 738 3216 Atlanta
758 3174 906 3228 vocamus

153 3258 329 3334 Aethiopem
351 3257 494 3333 Cycnum,
516 3275 635 3334 parvam
657 3266 860 3332 extortamque
880 3254 1008 3332 puellam

154 3354 312 3432 Europen;
335 3356 458 3414 canibus
478 3355 568 3432 pigris
590 3355 746 3431 scabieque
767 3364 879 3413 vetusta

153 3455 263 3513 levibus
283 3464 312 3512 et
332 3455 427 3512 siccae
448 3453 639 3511 lambentibus
660 3471 713 3511 ora
733 3453 868 3511 lucernae

153 3571 263 3611 nomen
283 3552 337 3621 erit
358 3552 466 3628 pardus
486 3552 567 3627 tigris
588 3551 643 3621 le0,
666 3551 690 3608 si
712 3551 782 3628 quid
803 3550 898 3609 adhuc
920 3559 964 3608 est

153 3650 234 3727 quod
255 3649 357 3708 fremat
378 3650 408 3708 iu
429 3650 510 3708 terris
531 3650 692 3708 violentius
735 3667 805 3725 ergo
827 3649 941 3708 cavebis

153 3757 320 3819 etmetues,
342 3765 379 3805 ne
400 3757 431 3805 tu
452 3747 493 3806 sic
515 3745 648 3807 Creticus
668 3756 718 3806 aut
739 3746 920 3806 Camerinus.

215 3845 272 3906 His
293 3863 349 3923 ego
370 3863 457 3924 quem
478 3846 599 3905 monui?
629 3855 726 3904 tecum
747 3855 790 3906 est
811 3845 883 3921 mihi
904 3862 1011 3917 serm0,
1033 3843 1149 3911 Rubelli

22 4038 166 4102 A
