2714 4350
483 291 653 348 sarona
677 290 769 348 rrrr.
783 283 920 366 82-151.

174 457 311 534 ponimus
332 466 360 515 et
381 466 491 515 sectum
511 457 589 514 vituli
610 456 689 515 iecur
708 455 833 531 albaque
854 456 935 532 porci

174 557 315 615 omenta?
339 565 370 613 ut
390 555 483 626 video,
505 555 617 612 nullum
639 555 792 614 discrimen
811 554 981 613 habendum
1001 564 1045 613 est

175 655 284 730 effigies
305 654 379 711 inter
399 664 506 712 vestras
527 663 708 731 statuamque
723 652 853 731 Vagelli!

237 752 357 828 Accipe,
378 770 454 829 quae
475 762 577 812 contra
597 752 689 810 valeat
710 752 819 812 solacia
838 750 910 808 ferre
978 815 979 818 Ἴ

175 862 203 909 et
224 851 275 927 qui
296 869 350 908 nec
372 850 490 926 cynicos
510 868 566 909 nec
588 851 678 909 stoica
699 849 837 925 dogmata
857 849 926 925 legit

174 968 192 1008 a
214 949 323 1024 cynicis
343 949 441 1006 tunica
461 948 603 1020 distantia,
624 967 686 1007 non
706 947 868 1024 Epicurum

175 1046 293 1123 suspicit
314 1047 410 1122 exigui
430 1046 537 1105 laetum
558 1047 735 1123 plantaribus
756 1046 840 1105 horti.

176 1154 312 1204 curentur
333 1145 412 1204 dubii
432 1146 553 1204 medicis
574 1147 731 1205 maioribus
752 1146 840 1222 aegri,

175 1255 207 1303 tu
227 1262 333 1302 venam
354 1244 399 1302 vel
420 1245 562 1321 discipulo
582 1245 731 1304 committe
752 1243 886 1321 Philippi.

177 1344 201 1401 si
222 1343 333 1401 nullum
354 1343 384 1400 in
404 1344 486 1401 terris
506 1354 566 1401 tam
587 1343 753 1402 detestabile
774 1343 883 1402 lactum

177 1442 313 1513 ostendis
336 1452 428 1514 taceo,
449 1461 504 1500 nec
525 1443 633 1519 pugnis
654 1442 775 1501 caedere
797 1451 899 1518 pectus

177 1551 207 1600 te
226 1551 293 1600 veto
315 1559 369 1600 nec
391 1541 479 1618 plana
499 1540 603 1599 facicm
624 1541 805 1599 contundere
826 1540 933 1617 palma,

178 1640 415 1717 quandoquidem
436 1649 557 1716 accepto
579 1639 742 1698 claudenda
763 1649 805 1698 est
826 1639 914 1698 ianua
935 1639 1052 1710 danmof

178 1748 206 1796 et
227 1739 463 1797 maiore'domus
484 1739 602 1816 gemitu,
624 1739 733 1797 maiore
755 1737 880 1795 tumultu

178 1836 356 1913 planguntur
374 1837 487 1894 nummi
507 1855 597 1913 quam
617 1835 727 1894 lunera.
762 1853 850 1893 nemo
872 1834 1005 1893 dolorem

179 1935 262 2011 lingit
282 1936 312 1992 in
333 1935 390 1994 hoc
411 1953 491 2006 casu,
514 1945 623 1994 vestem
645 1935 779 1993 diducere
802 1951 947 1991 summam

179 2042 342 2104 contentus,
363 2052 469 2092 vexare
490 2033 592 2092 oculos
612 2050 714 2091 umore
737 2041 856 2091 coacto:

179 2132 310 2209 ploratur
330 2131 456 2191 lacrimis
477 2133 584 2190 amissa
604 2121 730 2208 p'ecunia
750 2131 833 2190 veris.

179 2230 231 2290 sed
251 2230 276 2288 si
297 2239 403 2289 cuncta
423 2230 501 2291 vides
523 2230 608 2289 simili
629 2229 691 2289 fora
711 2229 799 2306 plena
819 2229 955 2306 querella,

180 2329 203 2387 si
224 2328 343 2388 deciens
363 2329 444 2387 lectis
466 2329 577 2388 diversa
597 2339 676 2404 parte
698 2328 809 2387 tabellis

180 2446 254 2486 vana
275 2429 446 2504 supervacui
467 2429 567 2487 dicunt
588 2427 780 2505 chirographa
800 2427 881 2503 ligni,

181 2527 275 2602 arguit
295 2527 425 2602 ipsorum
446 2545 522 2603 quos
541 2526 635 2585 littera
655 2544 834 2602 gemmaque
855 2526 990 2603 princeps

182 2624 403 2701 sardonychum,
425 2625 527 2683 loculis
548 2643 623 2703 quae
644 2624 804 2683 custoditur
824 2625 958 2685 eburnis:

180 2733 238 2795 ten,
260 2742 279 2783 o
300 2723 432 2782 delicias!
455 2734 537 2782 extra
557 2724 847 2782 communia·censes

182 2822 360 2902 ponendum,
382 2822 452 2898 quia
471 2832 503 2880 tu
523 2822 648 2898 gallinae
669 2822 744 2880 filius
764 2823 857 2894 albae,

183 2938 237 2979 nos
257 2919 327 2979 viles
347 2920 417 2997 pulli
438 2921 498 2979 nati
519 2920 679 2979 infelicibus
701 2921 782 2980 ovis?

183 3037 243 3077 rem
265 3019 371 3096 pateris
393 3019 541 3078 modicam
562 3028 590 3077 et
611 3019 751 3077 mediocri
772 3019 829 3077 bile
851 3017 1010 3090 ferendam,

183 3121 207 3179 si
227 3120 327 3179 flectas
348 3119 450 3179 oculos
470 3120 581 3178 maiora
602 3119 640 3178 ad
662 3120 798 3178 crimina..
827 3118 926 3177 confer

183 3217 361 3277 conductum
381 3217 533 3287 latronem,
553 3217 689 3276 incendia
710 3218 826 3293 sulpure
848 3225 951 3292 coepta

184 3325 269 3392 atque
291 3315 369 3387 dolo,
390 3316 500 3392 primos
521 3333 588 3375 cum
609 3316 697 3374 ianua
717 3315 825 3391 colligit
845 3315 950 3391 ignes;:

184 3413 284 3473 confer
304 3423 334 3473 et
354 3413 417 3486 hos,
439 3415 543 3473 veteris
565 3414 615 3491 qui
635 3414 740 3473 tollunt
760 3413 883 3491 grandia
902 3412 1003 3489 templi

185 3513 291 3589 pocula
312 3512 478 3572 adorandae
499 3513 638 3589 robiginis
658 3523 687 3572 et
708 3512 889 3590 populorum.

187 3610 264 3670 dona
284 3611 329 3670 vel
350 3612 469 3690 antiquo
490 3612 598 3688 positas
618 3630 636 3670 a
657 3629 726 3688 rege
748 3628 887 3670 coronas„

187 3708 258 3770 haec
279 3710 321 3769 ibi
342 3711 367 3768 si
386 3729 448 3769 non
468 3721 543 3782 sunt,
564 3711 662 3769 minor
682 3719 776 3771 exstat
797 3710 960 3786 sacrilegus,
982 3709 1032 3787 qui

188 3810 267 3870 radat
288 3809 412 3870 inaurati
432 3809 525 3871 femur
546 3809 682 3871 Herculis
703 3819 732 3870 et
752 3808 857 3868 faciem
877 3807 972 3887 ipsam
