2714 4350
418 296 587 375 sarona
612 296 695 352 ΧΗ).
712 299 886 374 gro-ars.
903 305 955 376 53·

175 479 244 519 nam
266 461 348 520 citius
371 460 496 538 Scyllam
517 460 563 520 vel
584 462 786 520 concurrentia
807 480 877 521 saxa

176 560 310 638 Cyaneis,
331 559 432 636 plenos
454 569 481 617 et
502 560 719 634 tempestatibus
739 569 816 619 utres

175 657 355 729 crediderim,
378 668 427 716 aut
448 657 527 716 tenui
548 676 718 734 percussum
739 661 857 718 verbere
880 659 979 719 Circes

175 766 204 814 et
225 774 293 815 cum
314 756 473 833 remigibus
493 755 647 832 grunnisse
667 755 816 833 Elpenora
836 758 942 833 porcis.

174 865 235 914 tam
256 856 340 912 vacui
361 855 462 931 capitis
483 855 625 931 populum
646 853 779 914 Phaeaca
800 855 941 932 putaviti'

174 953 216 1011 sic
237 952 340 1030 aliquis
361 953 464 1010 merito
486 953 618 1011 nondum
640 953 735 1011 ebrius
756 963 783 1012 et
804 956 958 1013 minimum
979 955 1029 1032 qui

175 1051 212 1110 de
234 1051 399 1128 Corcyraea
419 1061 558 1111 temetum
580 1051 701 1110 duxerat
722 1071 811 1125 uma;

175 1150 253 1209 solus
274 1150 353 1209 enim
374 1149 446 1208 haec
467 1149 585 1208 Ithacus
606 1149 686 1208 nullo
708 1152 762 1208 sub
783 1160 854 1209 teste
876 1151 1006 1210 canebat.

175 1265 230 1306 nos
251 1247 384 1306 miranda
405 1248 532 1324 quidem,
554 1256 597 1305 set
616 1265 709 1324 nuper
730 1248 851 1307 consule
873 1248 965 1307 Iunco

175 1356 257 1422 gesta
278 1364 365 1422 super
386 1346 495 1405 calidae
517 1345 673 1405 referemus
694 1346 810 1406 moenia
831 1346 926 1423 Copti,

175 1462 229 1505 nos
249 1444 328 1521 volgi
350 1444 443 1503 scelus
465 1454 493 1503 et
515 1445 625 1503 cunctis
646 1445 779 1520 graviora
801 1444 966 1518 cothumis;

175 1562 245 1601 nam
266 1544 368 1613 scelus,
390 1563 407 1602 a
428 1543 517 1620 Pyrra
538 1561 716 1620 quamquam
737 1544 838 1602 omnia
858 1552 984 1619 syrmata
1005 1543 1110 1616 volvas,

176 1641 270 1700 nullus
291 1651 361 1718 aput
381 1642 507 1717 tragicos
529 1641 655 1718 populus
675 1640 752 1702 facit.
786 1642 886 1718 accipe
907 1651 1007 1701 nostro

176 1739 237 1798 dira
258 1740 339 1816 quod
361 1741 529 1816 exemplum
550 1739 646 1798 feritas
668 1739 837 1816 produxerit
859 1758 938 1800 aevo.

235 1838 317 1897 Inter
337 1838 475 1897 finitimos
495 1847 576 1897 vetus
598 1847 685 1915 atque
706 1839 826 1913 antiqua
848 1838 1001 1909 simultas,

176 1936 329 1996 inmortale
349 1937 451 1996 odium
472 1946 500 1996 et
521 1954 684 2013 numquam
705 1937 833 1995 sanabile
854 1937 957 1995 vulnus

176 2017 257 2094 ardet
278 2036 383 2107 adhuc,
406 2036 520 2096 Ombos
542 2044 570 2095 et
593 2035 732 2113 Tentyra.
775 2053 905 2093 summus
926 2034 1071 2112 utrimque

175 2134 242 2193 inde
263 2134 345 2194 furor
365 2135 462 2211 vulg0,
485 2134 566 2212 quod
586 2135 708 2193 numina
729 2134 890 2193 vicinorum

177 2233 238 2292 odit
259 2243 381 2311 uterque
402 2235 494 2307 locuS,
515 2252 583 2294 cum
605 2232 684 2293 solos
705 2233 804 2292 credat
824 2233 975 2292 habendos

176 2349 239 2392 esse
262 2332 341 2404 deos
365 2351 439 2409 quos
460 2333 520 2409 ipse
542 2333 618 2393 colit.
661 2341 705 2391 set
725 2342 856 2409 tempore
876 2332 950 2392 festo
985 2385 991 2395 ,

176 2431 291 2489 alterius
312 2431 412 2508 populi
432 2432 571 2507 rapienda
592 2430 709 2490 occasio
730 2432 844 2490 cunctis

175 2530 233 2589 visa
254 2530 439 2588 inimicorum
459 2530 634 2607 primoribus
655 2548 690 2588 ac
712 2528 843 2601 ducibus,
864 2548 902 2588 ne

176 2628 286 2687 laetum
306 2627 485 2705 hilaremque
506 2628 592 2700 diem,
616 2647 653 2686 ne
674 2646 801 2704 magnae
822 2628 929 2704 gaudia
950 2647 1041 2688 cenae

176 2729 323 2799 sentirent,
344 2727 446 2804 positis
467 2725 506 2784 ad
526 2725 634 2802 templa
654 2736 683 2785 et
704 2728 832 2803 compita
852 2727 962 2785 mensis

176 2827 362 2906 pervigilique
384 2836 458 2899 toro,
482 2844 570 2903 quem
593 2835 680 2885 nocte
702 2844 736 2884 ac
757 2825 821 2884 luce
843 2827 986 2884 iacentem

176 2928 315 3004 septimus
336 2925 480 2983 interdum
502 2924 547 2982 sol
566 2925 683 2983 invenit.
729 2920 859 3004 [horrida
880 2943 949 2983 sane

175 3005 334 3102 Aegyptos
357 3023 408 3083 sed
428 3023 550 3094 luxuria,
572 3034 716 3099 quantum
737 3023 798 3099 ipse
819 3023 925 3094 notavi,
943 3085 946 3090 .

176 3126 299 3184 barbara
320 3122 433 3183 famoso
453 3140 515 3180 non
536 3122 611 3180 cedit
632 3124 716 3180 turba
738 3120 872 3197 Canop0.

176 3223 250 3282 adde
272 3221 354 3301 quod
375 3231 402 3279 et
422 3219 514 3279 facilis
535 3220 654 3278 victoria
674 3219 711 3278 de
732 3219 857 3276 madidis
878 3228 907 3277 et

176 3321 281 3380 blaesis
302 3330 389 3396 atque
409 3337 492 3378 mero
512 3314 723 3398 titubantibus]
767 3316 834 3375 inde
854 3317 1005 3400 virorum·
1086 3360 1089 3366 .

176 3421 294 3479 saltatus
316 3420 401 3496 nigro
417 3418 543 3490 tibicine,
566 3417 791 3494 qualiacumque

176 3528 324 3597 unguenta
346 3529 374 3577 et
393 3518 480 3577 llores
501 3516 666 3594 multaeque
687 3517 718 3574 in
738 3514 832 3574 fronte
854 3533 988 3586 coronae,

177 3619 244 3677 hinc
265 3618 396 3676 ieiunum
417 3616 525 3676 odium.
568 3616 620 3674 sed
641 3614 733 3690 iurgia
753 3614 848 3690 prima
870 3631 977 3673 sonare

177 3717 319 3794 incipiunt
339 3716 442 3774 animis
464 3715 646 3786 ardentibus,
662 3713 735 3773 haec
756 3713 827 3771 tuba
846 3713 934 3772 rixae.

178 3815 245 3874 dein
266 3814 396 3875 clamore
416 3813 478 3891 pari
499 3813 687 3886 concurritur,
710 3822 739 3872 et
759 3812 822 3870 vice
843 3811 892 3870 teli

1165 314 1222 372 141
1259 329 1262 336 ·

1193 1568 1225 1615 30
