2714 4350
177 337 218 399 86
476 341 515 395 D.
538 341 655 396 IUNII
672 340 907 396 IUVENALIS

174 506 321 584 asparagis
342 524 401 583 qua
422 504 561 581 despiciat
581 506 713 564 convivia
734 506 837 577 cauda,
926 486 928 490 ⁸

175 605 245 664 dum
266 605 343 663 venit
362 603 468 662 excelsi
489 604 624 661 manibus
645 603 757 665 sublata
778 604 918 664 ministri:

174 702 225 763 scd
246 703 296 761 tibi
318 702 435 761 dimid10
456 703 627 761 constrictus
650 720 816 779 cammarus
836 722 894 762 ovo

174 802 292 879 ponitur
313 802 418 878 exigua
440 800 535 859 feralis
557 819 631 859 cena
652 799 768 876 patella.

175 903 238 979 ipse
259 901 427 959 Venafrano
449 901 560 976 piscem
581 898 735 976 perfundit,
757 909 787 958 at
807 899 853 958 hic
875 901 925 978 qui

174 1000 299 1079 pallidus
320 999 436 1058 affertur
456 999 564 1058 misero
585 998 636 1056 tibi
658 998 749 1057 caulis
770 999 860 1057 olebit

174 1100 353 1157 lanternam:
378 1097 448 1155 illud
469 1097 547 1155 enim
567 1097 667 1155 vestris
688 1097 772 1155 datur
793 1098 916 1170 alveolis,
938 1098 1019 1175 quod

175 1217 271 1257 canna
292 1197 483 1274 Micipsarum
504 1214 590 1272 prora
610 1197 741 1254 subvexit
762 1207 855 1267 acuta,

176 1294 395 1373 propterquod
417 1293 530 1353 Romae
551 1312 619 1352 cum
639 1293 769 1353 Boccare
791 1312 879 1353 nemo
901 1295 1019 1362 lavatur,

175 1391 270 1476 [quod
290 1403 368 1453 tutos
388 1393 475 1450 etiam
496 1391 600 1450 facita
621 1393 802 1468 serpentibus
823 1390 912 1473 atris]

176 1493 282 1551 mullus
303 1491 357 1549 erit
379 1490 499 1561 domini,
521 1508 610 1566 quem
631 1490 709 1549 misit
731 1490 851 1550 Corsica
872 1491 916 1549 vel
937 1509 1026 1568 quem

177 1589 443 1651 Tauromenitanae
464 1606 559 1664 rupes
580 1589 701 1664 quando
722 1607 811 1649 omne
832 1599 982 1665 peractum
1003 1600 1046 1649 est

177 1701 204 1749 et
226 1691 284 1747 iam
304 1687 408 1746 defecit
429 1697 563 1745 nostrum
584 1705 673 1757 mare,
694 1687 765 1746 dum
785 1688 854 1764 gula
875 1689 964 1747 saevit

176 1789 284 1847 retibus
305 1786 428 1844 assiduis
448 1786 563 1862 penitus
585 1796 731 1846 scrutante
752 1787 875 1846 macello

176 1887 319 1964 proxima,
341 1903 395 1942 nec
417 1884 544 1959 patimur
564 1883 750 1960 Tyrrhenum
772 1903 900 1944 crescere
921 1886 1040 1963 piscem.

178 1985 288 2044 instruit
309 2001 379 2058 ergo
400 1981 499 2040 locum
520 1983 677 2059 provincia,
700 1984 822 2043 sumitur
842 1984 920 2043 illinc

176 2084 257 2162 quod
279 2091 409 2159 captator
429 2090 508 2140 emat
528 2081 651 2155 Laenas,
672 2084 791 2141 Aurelia
811 2084 924 2142 vendat.

177 2183 296 2242 Virroni
317 2198 456 2238 muraena
477 2181 569 2252 datur,
591 2200 664 2258 quae
686 2181 814 2239 maxima
834 2183 912 2240 venit

177 2281 289 2357 gurgite
312 2280 347 2336 de
369 2278 482 2349 Siculo;
507 2297 576 2336 nam
597 2280 667 2337 dum
688 2298 719 2338 se
740 2279 868 2338 continet
888 2279 1002 2351 Auster,

178 2377 248 2436 dum
270 2377 397 2435 sedetet
419 2378 510 2435 siccat
530 2377 661 2435 madidas
682 2378 712 2435 in
733 2396 848 2436 carcere
868 2379 984 2454 pinnas

179 2485 370 2535 contemnunt
390 2475 517 2532 mediam
538 2476 688 2533 temeraria
709 2476 767 2534 lina
789 2475 975 2552 Charybdim.

128 2605 129 2610 κ
178 2595 231 2634 vos
253 2573 379 2650 anguilla
400 2583 499 2632 manet
518 2573 624 2650 longae
645 2585 770 2650 cognata
791 2575 935 2646 colubrae,

178 2685 227 2733 aut
249 2673 341 2750 glacie
362 2690 496 2748 aspersus
515 2673 637 2730 maculis
660 2673 818 2732 Tiberinus
839 2683 868 2732 et
887 2674 950 2751 ipse

178 2771 296 2832 vernula
317 2771 451 2847 riparum,
472 2770 588 2846 pinguis
609 2781 734 2829 torrente
757 2772 857 2830 cloaca

179 2885 208 2932 et
229 2870 328 2930 solitus
349 2868 461 2932 mediae
483 2879 613 2944 cryptam
634 2879 785 2945 penetrare
808 2869 945 2929 Suburae.

241 2968 303 3046 Ipsi
323 2986 417 3044 pauca
438 2966 532 3036 velim,
555 2966 669 3025 facilem
690 2969 713 3025 si
734 2970 872 3044 praebeat
894 2987 1003 3029 aurem.

180 3076 286 3127 ‘nemo
306 3067 385 3144 petit,
408 3065 530 3124 modicis
551 3083 626 3142 quae
647 3067 833 3125 mittebantur
853 3068 955 3126 amicis

180 3187 198 3226 a
220 3168 339 3238 Seneca,
361 3184 437 3243 quae
459 3165 527 3224 Piso
547 3166 653 3237 bonus,
675 3184 752 3242 quae
774 3165 862 3226 Cotta
882 3167 993 3225 solebat

179 3266 276 3341 largiri
283 3285 291 3338 ;
317 3285 443 3343 namque
464 3277 492 3325 et
513 3266 599 3324 titulis
621 3276 649 3325 et
668 3265 794 3324 fascibus
815 3267 885 3324 olim

181 3364 273 3422 maior
293 3364 453 3423 habebatur
475 3366 603 3424 donandi
624 3366 732 3442 gloria:
757 3366 852 3423 solum

180 3464 338 3539 poscimus,
360 3473 391 3522 ut
412 3483 500 3522 cenes
521 3464 654 3537 civilitcr;
679 3465 736 3523 hoc
753 3453 820 3522 'face
841 3473 869 3523 et
890 3473 961 3535 esto,

182 3571 252 3633 esto,
274 3571 305 3619 ut
326 3580 403 3620 nunc
425 3563 515 3635 multi,
537 3563 615 3621 dives
635 3564 696 3633 tibi,
717 3581 828 3639 pauper
849 3563 969 3621 amicis!

243 3659 449 3718 Anseris-ante
470 3661 567 3736 ipsum
587 3662 687 3737 magni
703 3663 795 3733 iecur,
818 3661 967 3718 anseribus
988 3680 1042 3738 par

183 3758 274 3845 altilis,
296 3767 324 3816 et
346 3758 411 3816 flavi
432 3759 536 3834 dignus
556 3759 631 3818 ferro
653 3759 794 3835 Meleagri

175 3859 274 3923 ,fumat
295 3876 382 3935 aper;
407 3858 573 3934 posthunc
594 3857 741 3917 tradentur
762 3860 872 3931 tubera,
894 3859 918 3917 si
940 3877 989 3917 ver
