2714 4350
230 343 293 410 134
433 403 436 408 ι
551 334 593 389 D.
615 333 734 390 IUNII
750 333 773 388 I
774 333 987 389 UVENALIS

227 517 297 558 cum
318 497 354 556 sit
374 496 452 556 triste
473 496 573 556 habitu
593 498 730 575 vultuque
751 508 780 557 et
800 509 877 558 veste
899 515 1040 569 severum,
1232 521 1276 556 110

228 615 284 655 nec
304 596 390 655 dubie
411 605 562 673 tamquam
582 595 656 673 frugi
677 597 809 656 laudetur
830 616 941 669 avarus

227 705 378 771 tamquam
398 713 503 771 parcus
524 694 614 754 homo
635 706 663 754 et
683 714 781 754 rerum
801 696 890 755 tutela
911 713 1030 754 suarum

229 804 308 854 certa
327 795 421 870 magis
442 812 531 870 quam
552 795 576 853 si
596 794 727 853 fortunas
749 805 841 854 servet
861 795 979 854 easdem

228 892 425 970 Hesperidum
446 911 564 969 serpens
585 902 634 951 aut
656 892 802 952 Ponticus
838 893 914 952 adde
935 891 1127 970 quodhuuc,
1150 893 1186 951 de

227 1011 288 1071 quo
309 991 423 1068 loquor,
444 991 594 1068 egregium
614 991 739 1068 populus
760 1002 841 1068 putat
862 991 1034 1069 adquirendi
1230 1014 1273 1065 115
1326 1039 1329 1049 .

229 1090 386 1162 artificem
408 1090 518 1165 quippe
539 1089 582 1146 his
604 1099 738 1148 creseunt
759 1091 934 1166 patrimonia
955 1089 1053 1160 labris,

229 1190 280 1248 sed
301 1197 436 1247 crescunt
456 1206 643 1265 quocumque
664 1189 753 1247 modo
774 1190 943 1264 maioraque
964 1188 1038 1247 fiunt

227 1288 333 1347 incude
354 1287 471 1345 assidua
492 1305 662 1363 semperque
683 1287 801 1346 ardente
822 1288 947 1346 camino

228 1398 256 1446 et
278 1398 359 1462 pater
379 1404 450 1461 ergo
470 1385 559 1443 animi
580 1384 677 1444 felices
698 1386 789 1445 credit
809 1405 920 1459 avaros,

227 1485 279 1562 qui
299 1485 418 1542 miratur
440 1502 520 1560 opes,
533 1484 591 1561 qui
612 1484 692 1542 nulla
712 1485 847 1560 exempla
867 1485 944 1543 beati

227 1583 364 1660 pauperis
384 1601 448 1641 esse
468 1592 558 1659 putat,
580 1583 697 1641 iuvenes
718 1583 848 1641 hortatur
867 1593 899 1642 ut
919 1582 967 1642 illa

228 1683 270 1740 ire
291 1683 336 1740 via
357 1692 478 1758 pergant
499 1691 528 1739 et
548 1681 643 1739 eidem
665 1681 834 1740 incumbere
856 1691 959 1740 sectae.

228 1790 296 1839 sunt
317 1781 462 1859 quaedam
483 1780 614 1838 vitiorum
633 1779 795 1839 elementa:
822 1779 867 1838 his
887 1780 1020 1857 protinus
1040 1779 1104 1838 illos

228 1879 323 1938 inbuit
344 1888 373 1936 et
394 1879 471 1954 cogit
492 1879 627 1936 minimas
648 1879 776 1937 ediscere
798 1878 908 1950 sordes

231 1975 314 2058 [mox
336 1977 509 2054 adquirendi
530 1977 798 2036 docet·insatiabile
818 1972 941 2058 votum]
1231 1997 1272 2049 1²5

229 2094 377 2136 servorum
398 2084 512 2133 ventres
534 2075 634 2133 modio
656 2076 777 2151 castigat
798 2076 908 2152 iniquo,

228 2175 291 2250 ipse
312 2191 429 2250 quoque
448 2174 594 2246 esuriens3
611 2193 711 2251 neque
732 2175 811 2233 enirn
833 2176 933 2235 omnia
951 2175 1072 2234 sustinet
1089 2192 1230 2251 umquam

229 2272 347 2331 mucida
368 2272 491 2330 caerulei
511 2274 596 2350 panis
618 2292 791 2333 consumere
811 2274 909 2345 frusta,

228 2371 396 2428 hesternum
417 2370 517 2429 solitus
535 2373 635 2431 medio
657 2391 769 2431 servare
791 2372 911 2431 minutal
934 2356 938 2369 ⁸

230 2468 401 2544 Septembri,
423 2488 478 2527 nec
498 2489 559 2529 non
573 2471 693 2529 differre
714 2472 746 2529 in
766 2483 900 2549 tempora
918 2489 1011 2531 cenae

229 2566 345 2624 alterius
366 2565 509 2624 conchem
530 2569 628 2626 aestivi
650 2587 718 2626 cum
739 2579 820 2646 parte
841 2569 940 2628 lacerti

229 2665 373 2740 signatam
394 2665 438 2723 vel
459 2665 579 2724 dimidio
596 2668 731 2743 putrique
753 2667 848 2739 siluro,

229 2762 335 2840 filaque
356 2764 452 2821 sectivi
474 2775 625 2822 numerata
647 2765 792 2823 includere
813 2766 910 2842 porri:

229 2861 363 2920 invitatus
384 2861 421 2919 ad
442 2861 512 2920 haec
534 2862 636 2938 aliquis
655 2861 693 2920 de
715 2873 804 2938 ponte
826 2862 952 2938 negabit.

230 2959 282 3017 sed
303 2978 362 3035 quo
384 2959 495 3018 divitias
515 2960 587 3019 haec
608 2978 661 3036 per
681 2970 826 3018 tormenta
848 2970 973 3032 coactas
1231 2983 1272 3032 135

230 3076 297 3115 cum
319 3057 397 3115 luror
418 3057 487 3115 haut
509 3058 622 3129 dubius,
644 3076 712 3116 cum
734 3059 770 3117 sit
791 3058 942 3117 manifesta
963 3058 1124 3136 phrenesis

229 3167 261 3214 ut
282 3156 412 3234 locuples
434 3157 573 3228 moriaris,
596 3157 709 3232 egentis
729 3158 824 3215 vivere
846 3157 925 3216 fato?

230 3255 338 3313 interea
358 3254 447 3330 pleno
469 3273 537 3312 cum
558 3249 651 3330 turget
673 3254 805 3313 sacculus
827 3274 886 3326 ore,

230 3353 333 3410 crescit
353 3370 436 3410 amor
457 3352 577 3423 nummi,
600 3363 742 3429 quantum
763 3353 828 3428 ipsa
848 3353 973 3429 pecunia
995 3355 1093 3424 crevit,

229 3460 258 3509 et
278 3451 373 3508 minus
394 3450 470 3509 hanc
491 3461 574 3527 optat
595 3451 643 3527 qui
665 3469 725 3509 non
745 3450 841 3509 habet.
876 3470 946 3527 ergo
968 3463 1087 3528 paratur
1231 3473 1272 3522 140

231 3549 319 3606 altera
339 3549 404 3606 villa
425 3549 483 3620 tibi,
507 3568 574 3607 cum
595 3568 643 3607 rus
664 3567 728 3607 non·
747 3549 850 3607 sufficit
871 3568 971 3621 unum,

231 3656 259 3704 et
280 3646 407 3723 prolerre
428 3646 497 3704 libet
518 3647 599 3718 linea
621 3648 772 3723 maiorque
793 3648 903 3706 videtur

231 3754 260 3803 et
280 3744 381 3802 melior
401 3745 495 3802 vicina
517 3763 616 3820 seges:
642 3746 778 3803 mercaris
799 3756 827 3803 et
848 3745 923 3804 hanc
944 3756 973 3804 et

232 3844 350 3902 arbusta
368 3852 396 3901 et
417 3842 507 3901 densa
528 3853 659 3902 montem
680 3845 731 3922 qui
752 3853 835 3903 canet
857 3843 939 3904 oliva.
