2714 4350
497 305 666 361 sarona
694 306 776 363 aur.
793 312 930 383 75-144·

183 469 239 546 ipsi
261 468 366 529 deinde
386 469 471 540 lares,
493 469 518 529 si
540 469 620 548 quod
641 469 800 546 spectabile
821 470 946 548 signum.

184 563 223 648 [si
244 569 309 646 quis
330 568 362 627 in
382 568 513 629 aedicula
533 569 606 628 deus
626 569 737 629 unicus.
781 569 854 629 haec
876 570 984 630 etenim
1005 583 1074 633 sunt

181 685 237 744 pro
258 667 388 738 summis,
410 685 480 726 nam
501 665 569 726 sunt
588 667 662 726 haec
684 667 822 726 maxima.
864 667 1007 746 despicias
1028 667 1074 752 tu]

181 764 303 825 forsitan
324 766 436 824 inbellis
457 765 592 826 Rhodios
612 775 789 842 unctamque
811 766 977 829 Corinthon

182 863 328 941 despicias
348 865 470 936 merito;
493 863 563 940 quid
584 865 709 923 resinata
728 864 860 924 iuventus

182 980 324 1040 cruraque
344 963 431 1021 totius
452 962 558 1021 facient
578 963 630 1022 tibi
650 963 723 1022 levia
744 963 860 1038 gentis?

181 1061 299 1120 horrida
319 1061 437 1120 vitanda
458 1070 502 1120 est
524 1060 678 1138 Hispania,
700 1059 830 1122 Gallicus
850 1063 915 1122 axis

181 1159 388 1237 Illyricumque
408 1159 499 1231 latus;
520 1178 608 1236 parce
629 1169 657 1218 et
678 1161 856 1221 messoribus
875 1161 938 1234 illis,

182 1258 232 1336 qui
253 1268 384 1317 saturant
404 1260 507 1317 urbem
529 1259 606 1318 circo
628 1276 790 1337 scenaeque
811 1270 973 1320 vacantem.

181 1367 292 1434 quanta
312 1368 410 1417 autem
430 1358 498 1417 inde
519 1358 594 1417 seres
614 1367 674 1416 tam
696 1357 774 1417 dirae
795 1359 924 1435 praemia
945 1358 1056 1438 culpae,

182 1474 248 1515 cum
268 1466 370 1516 tenues
391 1476 484 1534 nuper
505 1456 618 1516 Marius
639 1456 807 1516 discinxerit
827 1457 936 1518 Afros?

181 1556 343 1615 curandum
363 1557 394 1614 in
413 1556 522 1635 primis,
545 1576 582 1615 ne
603 1575 712 1632 magna
732 1557 836 1616 iniuria
856 1557 906 1617 fiat

181 1644 304 1714 fortibu's
319 1651 353 1714 'et
373 1656 493 1716 miseris.
535 1655 620 1714 tollas
640 1655 706 1714 licet
727 1674 816 1715 omne
837 1656 917 1735 quod
938 1675 1064 1735 usquam
1086 1667 1129 1716 est

181 1755 242 1812 auri
263 1764 351 1832 atque
372 1755 491 1830 argenti,
514 1764 630 1813 scutum
651 1753 838 1830 gladiumque
854 1754 1009 1831 relinques.

180 1848 221 1933 [et
242 1853 371 1912 iaculum
391 1863 420 1910 et
441 1853 572 1928 galeam:
594 1853 724 1929 spoliatis
744 1871 825 1910 arma
842 1848 1022 1934 supersunt.]

180 1951 260 2028 qnod
281 1951 372 2010 modo
393 1951 542 2028 proposui,
563 1961 690 2010 nonest
712 1951 862 2023 sententia,
884 1969 984 2010 verum
1005 1961 1066 2011 est:

180 2049 287 2109 credite
308 2068 356 2108 me
377 2050 460 2108 vobis
481 2048 582 2109 folium
604 2050 724 2109 recitare
748 2048 882 2125 Sibyllae.
1062 2120 1066 2127 1

179 2148 202 2206 si
222 2149 274 2207 tibi
296 2157 397 2207 sancta
418 2147 524 2207 cohors
545 2149 695 2220 comitum,
717 2149 741 2207 si
762 2166 850 2207 nemo
871 2147 997 2206 tribunal

178 2246 275 2306 vendit
296 2264 504 2318 acersecomeS,
526 2247 550 2305 si
571 2247 683 2305 nullum
703 2248 734 2305 in
755 2248 880 2322 coniuge
902 2246 1020 2318 crimen,

173 2338 232 2405 *nec
252 2363 307 2422 per
327 2354 488 2404 conventus
509 2354 537 2404 et
558 2355 664 2404 cuncta
684 2364 736 2422 per
757 2345 867 2422 oppida
888 2328 982 2404 curvis

177 2445 323 2523 unguibus
345 2444 386 2503 ire
407 2454 490 2521 parat
511 2463 649 2504 nummos
669 2456 786 2522 raptura
807 2444 944 2517 Celaeno,

177 2552 206 2601 tu
227 2542 296 2602 licet
316 2561 334 2602 a
354 2543 426 2602 Pico
446 2561 582 2602 numeres
603 2560 705 2618 genuS,
727 2543 842 2621 altaque
863 2545 888 2603 si
908 2554 937 2604 te

176 2642 297 2701 nomina
318 2642 472 2714 delectant,
495 2659 617 2700 omnem
638 2640 775 2701 Titanida
796 2660 927 2720 pugnam

177 2741 250 2801 inter
270 2742 396 2801 maiores
417 2740 572 2818 ipsumque
593 2739 767 2799 Promethea
787 2759 901 2818 ponas:

177 2839 212 2898 de
232 2856 422 2916 quocumque
442 2838 522 2898 voles
542 2855 685 2915 proavum
706 2839 758 2897 tibi
779 2839 885 2901 sumito
905 2839 987 2898 libro.

176 2937 256 3015 quod
277 2937 301 2996 si
321 2936 510 3014 praecipitem
529 2936 605 3013 rapit
625 2937 747 2996 ambitio
768 2947 854 3015 atque
875 2937 973 3010 libido,

176 3036 198 3092 si
218 3035 329 3112 frangis
349 3036 444 3112 virgas
465 3028 611 3095 sociorum
632 3035 663 3093 in
684 3037 834 3112 sanguine,
856 3038 881 3096 si
902 3047 930 3097 te

176 3134 321 3194 delectant
341 3134 459 3193 hebetes
480 3134 558 3194 lasso
579 3133 680 3193 lictore
702 3153 826 3206 secures,

175 3233 278 3311 incipit
297 3233 431 3311 ipsorum
452 3242 555 3292 contra
575 3242 603 3291 te
625 3241 700 3291 stare
721 3243 874 3310 parentum

174 3332 308 3392 nobilitas
330 3331 497 3409 claramque
517 3329 613 3390 facem
632 3330 777 3408 praeferre
797 3329 952 3408 pudendis.

174 3449 260 3490 omne
281 3416 494 3513 animiaidt'ium
513 3438 596 3488 tanto
618 3429 804 3506 conspectius
824 3430 856 3487 in
877 3445 908 3486 se

174 3532 283 3589 crimen
304 3528 400 3601 habet,
423 3536 534 3603 quanto
555 3526 647 3586 maior
669 3527 719 3605 qui
739 3537 843 3603 peccat
863 3526 992 3585 habetur.

174 3647 231 3706 quo
251 3627 324 3686 mihi
345 3637 373 3686 te
395 3627 514 3686 solitum
534 3627 623 3686 falsas
642 3627 756 3702 signare
776 3625 897 3685 tabellas

173 3725 201 3784 in
221 3725 340 3802 templis
360 3744 436 3803 quae
457 3726 525 3785 fecit
544 3744 614 3785 avus
636 3735 820 3802 statuamque
841 3723 969 3801 parentis

173 3834 237 3885 ante
258 3824 485 3902 triumphalem?
512 3843 581 3903 quo,
605 3824 629 3884 si
650 3833 810 3883 nocturnus
831 3821 943 3884 adulter

690 3941 741 3982 σε

1185 1483 1231 1518 120
