2714 4350
427 293 595 349 SATURA
618 294 645 350 I.
670 288 808 371 99-169.

89 453 204 531 optima
224 455 360 514 silvarum
380 454 490 515 interea
510 456 666 533 pelagique
686 457 798 516 vorabit

90 572 142 612 rex
164 553 278 625 horum,
299 538 454 632 vacuisque
474 555 544 614 toris
565 564 679 612 tantum
699 555 762 632 ipse
783 556 896 615 iacebit

90 670 161 711 nam
182 652 219 711 de
240 661 283 712 tot
303 653 432 730 pulchris
454 663 483 712 et
502 650 569 712 latis
590 653 709 729 ominus
728 663 758 712 et
779 663 840 713 tam

89 752 217 829 antiquis
238 746 299 811 una
318 751 477 811 comedunt
497 752 673 829 patrimonia
693 770 804 810 mensa.

90 851 186 910 nullus
207 851 267 909 iam
287 851 430 935 parasitus
451 850 512 909 erit.
555 851 607 909 sed
628 851 693 928 quis
713 850 786 910 ferat
806 851 876 910 istas

89 949 221 1008 luxuriae
242 949 364 1008 sordes?
384 958 494 1026 quanta
515 958 559 1008 est
581 949 657 1026 gula,
680 969 755 1028 quae
777 950 832 1008 sibi
853 960 930 1010 totos

87 1051 173 1127 ponit
194 1067 289 1126 apros
311 1049 419 1107 animal
441 1057 561 1125 propter
582 1049 715 1124 convivia
736 1052 854 1107 natum!

88 1165 186 1225 poena
206 1157 306 1206 tamen
326 1165 475 1223 praesens,
496 1164 564 1205 cum
585 1157 617 1206 tu
638 1147 762 1223 deponis
784 1149 906 1208 amictus

88 1247 220 1324 turgidus
241 1255 272 1305 et
293 1245 417 1304 crudum
438 1263 586 1322 pavonem
607 1245 638 1304 in
660 1246 766 1306 balnea
786 1257 893 1323 portas

85 1345 154 1405 hinc
176 1346 287 1405 subitae
307 1354 417 1405 mortes
438 1353 524 1422 atque
546 1345 680 1404 intestata
702 1355 846 1416 senectus,

86 1453 116 1503 et
136 1462 213 1503 nova
235 1462 289 1503 nec
311 1443 398 1501 tristis
418 1461 471 1520 per
492 1452 614 1502 cunctas
636 1442 734 1502 fabula
756 1439 877 1604 cenas)

87 1543 201 1602 ducitur
222 1543 299 1601 iratis
320 1541 520 1618 plaudendum
541 1540 627 1600 sunus
649 1542 758 1601 amicis.
972 1614 976 1622 Ι

148 1640 199 1700 Nil
218 1641 272 1700 erit
260 1641 417 1712 tulteriuS,
440 1640 521 1717 quod
540 1649 607 1699 nost
608 1641 646 1699 ris
666 1642 797 1700 moribus
818 1640 907 1699 addat

85 1741 254 1816 posteritas3
249 1739 396 1854 gadem·
400 1738 509 1797 facient
530 1739 646 1815 cupient
647 1757 705 1815 que
725 1738 863 1811 minores

85 1858 175 1899 omne
196 1840 227 1897 in
245 1785 398 1935 praecipiti
418 1837 519 1895 vitium
540 1838 632 1909 stetit;
653 1846 735 1896 utere
755 1837 835 1908 velis

85 1948 163 1997 totos
184 1937 280 2014 pande
302 1909 399 1995 sinusl
421 1935 501 1994 dices
522 1935 569 1994 hic
591 1935 672 1994 forsit
660 1943 727 1993 ttan
751 1928 864 1994 ‘unde

84 2036 234 2112 ingenium
254 2054 307 2112 par
327 2034 488 2094 materiae?
516 2029 594 2094 unde
616 2034 663 2092 illa
685 2034 815 2110 priorum
855 2098 858 2103 Δ

84 2134 231 2194 scribendi
250 2134 459 2219 quodcumque
480 2134 579 2193 animo
600 2133 741 2210 flagrante
761 2133 861 2209 liberet

83 2233 252 2311 simplicitas
273 2232 355 2292 cuius
376 2249 439 2291 non
459 2232 554 2291 audeo
575 2233 673 2292 dicere
693 2235 823 2292 nomen?

83 2335 100 2360 ‘⁴
110 2332 191 2408 quid'
201 2330 287 2390 refert
308 2330 392 2390 dictis
412 2330 547 2408 ignoscat
568 2322 686 2390 Mucius
708 2350 747 2390 an
764 2328 865 2390 nonl''

83 2449 162 2507 pone
184 2409 374 2505 Tigellinum,
396 2429 482 2488 taeda
502 2429 612 2488 lucebis
632 2430 663 2488 in
684 2429 741 2502 illa,

82 2547 141 2606 qua
162 2538 271 2587 stantes
291 2527 402 2601 ardent,
426 2527 476 2604 qui
496 2527 557 2585 fixo
578 2538 697 2604 pectore
717 2529 839 2601 fumant,

81 2636 111 2685 et
130 2620 222 2686 latum
242 2626 339 2685 media
361 2626 474 2685 sulcum
495 2625 612 2685 deducit
632 2627 761 2686 harena!

82 2727 132 2802 qui
155 2725 236 2785 dedit
255 2742 326 2802 ergo
347 2725 437 2784 tribus
459 2724 571 2801 patruis
592 2726 717 2797 aconita,
738 2725 859 2784 vehatur

81 2820 242 2901 pensilibus
263 2824 379 2901 plumis,
400 2835 487 2901 atque
509 2824 587 2883 illinc
608 2825 749 2902 despiciat
769 2824 847 2883 nos?

82 2929 168 2982 ‘cum
189 2923 286 2982 veniet
293 2931 417 2993 contra,
439 2922 531 3000 digito
552 2941 708 3000 compesce
729 2923 876 2982 labellum.

81 3031 235 3083 accusator
255 3021 310 3081 erit
330 3023 381 3100 qui
402 3023 523 3080 verbum
544 3022 649 3080 dixerit
671 3022 748 3080 “hic
770 3018 841 3080 est.’'

81 3138 198 3180 securus
218 3119 286 3180 licet
305 3119 428 3179 Aenean
449 3119 651 3197 Rutulumque
673 3118 803 3179 ferocem

80 3193 261 3330 committas(
274 3218 346 3277 nulli
366 3218 462 3294 gravis
483 3228 527 3277 est
547 3236 701 3295 percussus
722 3136 869 3318 Achilles)

80 3326 129 3376 aut
148 3317 274 3377 multum
295 3318 444 3394 quaesitus
466 3317 561 3394 Hylas
581 3334 745 3394 urnamque
766 3326 902 3375 secutus:

80 3433 149 3475 ense
167 3414 245 3474 velut
265 3415 364 3473 stricto
385 3415 523 3492 quotiens
545 3414 675 3474 Lucilius
696 3414 800 3473 ardens

81 3512 233 3586 intremuit,
255 3514 340 3573 rubet
360 3514 484 3586 auditor,
506 3514 553 3572 cui
572 3513 678 3591 frigida
698 3531 782 3572 mens
803 3522 847 3572 est

81 3598 256 3684 criminibus,
275 3612 364 3672 tacita
384 3613 491 3672 sudant
511 3613 683 3689 praecordia
703 3612 798 3688 culpa.

81 3709 146 3769 inde
162 3711 225 3770 irae
245 3719 275 3770 et
293 3710 438 3773 lacrimae.
479 3721 577 3770 tecum
598 3712 679 3788 prius
699 3729 770 3788 ergo
791 3709 889 3769 voluta

82 3805 151 3868 haec
170 3808 272 3870 animo
293 3819 360 3895 ante
382 3811 475 3879 tubas.
516 3809 664 3886 galeatum
685 3829 750 3870 sero
771 3808 857 3870 duelli
