2714 4350
511 316 680 372 sarmul
704 307 897 392 X.67-136.

175 472 309 558 frangere
330 469 481 556 pannosus
502 466 721 539 vacuis'aedilis
741 478 861 552 Ulubris
870 480 887 540 ix

173 597 245 656 ergo
266 578 517 656 quidoptandum
537 578 620 651 foret,
641 579 792 656 ignorasse
813 578 911 638 fateris

175 677 315 737 Seianum
322 695 331 749 ;
352 695 422 735 nam
443 678 494 753 qui
515 678 620 737 nimios
641 679 761 754 optabat
781 678 909 737 honores

173 786 201 835 et
221 775 328 835 nimias
348 776 487 854 poscebat
507 794 587 853 opes,
608 795 764 836 numerosa
784 779 905 855 parabat

174 876 306 934 excelsae
326 875 412 933 turris
432 874 568 946 tabulata,
590 875 668 934 unde
689 863 773 934 altior
793 885 870 935 esset

175 991 260 1033 casus
281 982 311 1032 et
330 973 473 1050 impulsae
494 992 634 1050 praeceps
655 975 784 1033 immane
805 975 915 1033 ruinae.

174 1072 245 1148 quid
267 1071 398 1141 Crassos
421 1072 491 1148 quid
512 1072 670 1148 Pompeios
691 1073 799 1143 evertit,
821 1081 848 1131 et
870 1072 961 1144 illum,

176 1170 214 1229 ad
232 1188 287 1229 sua
309 1171 360 1248 qui
382 1171 509 1229 domitos
531 1171 652 1230 deduxit
672 1171 765 1249 flagra
787 1170 935 1244 Quirites?

176 1286 307 1327 summus
328 1285 435 1346 nempe
457 1269 540 1328 locus
561 1269 640 1328 nulla
661 1288 723 1328 nou
743 1280 803 1329 arte
825 1271 930 1346 petitus

175 1384 341 1444 magnaque
363 1369 530 1426 numinibus
551 1378 618 1427 vota
639 1369 776 1428 exaudita
795 1369 937 1447 malignis

175 1466 213 1524 ad
233 1481 374 1542 generum
396 1467 508 1528 Cereris
525 1467 588 1526 sine
609 1468 699 1526 caede
719 1486 754 1526 ac
776 1468 892 1527 vulnere
914 1467 999 1545 pauci

176 1563 358 1624 descendunt
378 1584 462 1641 reges
484 1575 513 1624 et
534 1566 610 1624 sicca
631 1576 724 1625 morte
744 1567 869 1642 tyranni.

235 1662 396 1739 Eloquium
417 1682 452 1723 ac
473 1664 583 1723 famam
603 1661 813 1724 Demosthenis
838 1675 887 1723 aut
909 1661 1059 1724 Ciceronis

183 1763 275 1838 ncipit
296 1772 401 1838 optare
422 1772 450 1821 et
471 1764 539 1822 totis
560 1763 792 1841 Quinquatribus
813 1772 903 1841 optat,

175 1861 306 1939 quisquis
322 1860 418 1920 adhuc
438 1879 499 1920 uno
520 1878 639 1938 parcam
661 1862 729 1920 colit
750 1881 814 1921 asse
836 1860 1009 1933 Minervam,

175 1978 264 2037 quem
285 1960 413 2036 sequitur
434 1970 532 2019 custos
552 1971 694 2037 angustae
715 1960 834 2020 vernula
855 1979 969 2038 capsae.

174 2059 292 2136 eloquio
314 2058 366 2118 sed
386 2049 508 2136 uterque
529 2061 603 2136 perit
623 2069 729 2132 orator,
752 2068 908 2136 utrumque

174 2158 271 2234 largus
292 2167 321 2215 et
341 2158 494 2218 exundans
516 2158 574 2216 leto
595 2159 674 2218 dedit
695 2158 804 2236 ingenii
826 2158 900 2218 fons.

175 2257 291 2333 ingenio
312 2275 418 2315 manus
439 2265 483 2315 est
504 2266 532 2315 et
553 2256 648 2315 cervix
669 2275 763 2327 caesa,
785 2272 840 2315 nec
862 2274 1003 2334 umquam

175 2355 317 2432 sanguine
338 2353 475 2413 causidici
495 2355 669 2413 maduerunt
690 2363 782 2414 rostra
803 2355 908 2431 pusilli.

177 2458 212 2512 ‘o
232 2453 409 2511 fortunatam
431 2462 530 2510 natam
551 2471 598 2513 me
620 2454 739 2512 consule
761 2451 922 2513 Romaml’

175 2553 285 2612 Antoni
306 2551 420 2626 gladios
440 2553 534 2630 potuit
555 2563 751 2624 contemnere,
774 2554 798 2612 si
819 2554 860 2613 sic

175 2652 275 2710 omnia
296 2651 423 2710 dixisset.
468 2650 589 2710 ridenda
609 2661 745 2732 poemata
766 2651 854 2722 mal0,

175 2767 264 2828 quam
285 2756 314 2807 te
334 2749 520 2825 conspicuae,
542 2749 640 2809 divina
660 2749 830 2827 Philippica,
851 2749 955 2821 famae,

175 2847 297 2907 volveris
319 2866 336 2906 a
357 2848 451 2924 prima
471 2867 547 2926 quae
567 2850 710 2926 proxima.
751 2867 855 2908 saevus
876 2860 904 2908 et
925 2849 1006 2907 illum

175 2950 268 3009 exitus
290 2950 400 3027 eripuit,
421 2965 510 3026 quem
530 2950 711 3008 mirabantur
731 2948 865 3009 Athenae

176 3057 333 3107 torrentem
354 3056 383 3107 et
403 3049 483 3124 pleni
504 3049 706 3126 moderantem
727 3043 809 3107 frena
830 3047 942 3107 theatri.

177 3144 219 3204 dis
240 3146 286 3205 ille
308 3146 436 3205 adversis
456 3146 571 3225 genitus
593 3147 711 3223 fatoque
732 3141 856 3220 'sinistro
894 3139 901 3145 ”

176 3261 265 3320 quem
287 3255 368 3321 pater
389 3246 516 3305 ardentis
537 3263 651 3305 massae
673 3245 791 3320 fuligine
811 3245 909 3321 lippus

176 3359 194 3399 a
214 3343 341 3401 carbone
362 3352 392 3401 et
412 3343 571 3420 forcipibus
592 3343 763 3421 gladiosque
784 3352 904 3420 parante

177 3440 283 3500 incude
304 3450 333 3499 et
352 3441 431 3501 lute'o
451 3441 589 3501 Vulcano
610 3442 648 3500 ad
669 3441 784 3501 rhetora
805 3440 890 3499 misit.

237 3537 386 3598 Bellorum
407 3540 537 3612 exuviae,
558 3540 666 3599 truncis
686 3539 784 3598 adfixa
804 3537 930 3614 tropaeis

176 3636 264 3695 lorica
285 3647 314 3696 et
334 3638 424 3697 fracta
445 3639 482 3696 de
504 3638 616 3698 casside
638 3637 762 3697 buccula
782 3636 914 3715 pendens

177 3745 204 3793 et
225 3746 338 3794 curtum
359 3746 477 3795 temone
498 3737 600 3814 iugum
621 3738 770 3813 victaeque
791 3735 916 3795 triremis

178 3834 302 3910 aplustre
323 3843 352 3893 et
373 3852 490 3894 summo
510 3836 599 3895 tristis
619 3835 749 3912 captivos
769 3835 800 3892 in
821 3852 891 3893 arcu
