2714 4350
523 300 691 357 SATURA
715 301 755 358 X.
774 293 868 358 1-66.

175 465 342 526 mirandum
363 475 414 539 est,
436 465 514 526 unde
535 465 581 524 ille
603 465 695 526 oeulis
716 465 862 527 suffecerit
883 483 977 535 umor.

175 575 316 644 perpetuo
337 565 395 623 risu
416 564 587 642 pulmonem
608 565 717 643 agitare
738 563 849 624 solebat

174 662 371 736 Democritus,
393 680 572 740 quamquam
593 681 656 722 non
676 672 773 721 essent
793 662 913 721 urbibus
933 662 987 720 illis

174 767 325 840 praetexta
345 771 374 821 et
393 763 510 821 trabeae
531 747 625 822 ¹fasces
646 761 748 821 lectica
769 761 902 820 tribunal.

176 862 246 938 quid
268 862 292 920 si
313 860 432 920 vidisset
452 868 617 941 praetorem
638 845 769 934 curribus
789 860 854 919 altis

175 969 339 1019 exstantem
360 967 389 1017 et
409 958 497 1018 medii
518 958 674 1019 sublimem
694 958 812 1035 pulvere
832 958 900 1017 circi

176 1058 205 1144 in
226 1058 327 1118 tunica
348 1057 426 1116 Iovis
447 1066 476 1116 et
497 1057 592 1133 pictae
613 1055 740 1139 Sarrana
760 1057 899 1115 ferentem

176 1176 212 1215 ex
233 1155 340 1215 umeris
361 1154 463 1218 aulaea
475 1163 571 1231 togae
591 1173 775 1232 magnaeque
796 1172 924 1214 coronae

176 1266 289 1314 tantum
311 1255 421 1326 orbem,
444 1262 555 1330 quanto
577 1255 674 1313 cervix
691 1240 758 1313 'non
779 1254 882 1312 sufficit
903 1253 981 1313 ulla?

176 1335 285 1430 quippe
306 1361 385 1412 tenet
405 1352 515 1411 sudans
535 1351 612 1412 hanc
634 1352 768 1428 publicus
789 1336 829 1425 et,¹
848 1353 903 1412 sibi
924 1337 1028 1412 consul

176 1471 213 1511 ne
233 1452 355 1529 placeat,
379 1469 465 1509 curru
485 1469 585 1509 servus
605 1460 736 1527 portatur
757 1451 870 1518 eodem.

177 1551 214 1609 da
234 1568 314 1609 nuuc
335 1558 364 1608 et
383 1549 540 1621 volucrem,
562 1558 676 1626 sceptro
697 1567 772 1626 quae
794 1549 885 1627 surgit
907 1549 1030 1621 eburna,

177 1649 253 1709 illinc
275 1648 447 1720 cornicines,
467 1646 536 1706 hinc
557 1647 760 1731 praecedentia
780 1649 861 1724 longi

177 1747 302 1824 agminis
322 1746 418 1805 officia
439 1732 468 1805 et
488 1746 588 1804 niveos
609 1745 647 1804 ad
667 1745 748 1805 frena
769 1746 906 1820 Quirites,

177 1844 293 1906 defossa
312 1845 344 1903 in
364 1843 467 1911 loculis
487 1861 564 1920 quos
585 1844 715 1920 sportula
735 1844 802 1904 fecit
822 1846 942 1905 amicos.

177 1955 238 2004 tum
259 1962 377 2022 quoque
398 1943 550 2003 materiam
571 1945 646 2002 risus
667 1945 776 2003 invenit
796 1944 835 2004 ad
855 1945 952 2003 omnis

178 2060 314 2102 occursus
335 2029 502 2116 hominum,¹
520 2042 602 2101 cuius
623 2042 780 2119 prudentia·
797 2052 941 2102 monstrat

178 2158 307 2199 summos
327 2159 416 2218 posse
436 2141 513 2200 viros
533 2150 563 2199 et
583 2159 693 2217 magna
714 2141 847 2218 exempla
868 2140 985 2201 daturos
1074 2141 1078 2148 ’

177 2253 328 2298 vervecum
349 2238 380 2297 in
400 2240 493 2316 patria
515 2256 671 2316 crassoque
691 2239 746 2298 sub
768 2257 833 2317 aere
854 2240 944 2310 nasci.

178 2336 291 2396 ridebat
312 2355 405 2409 curas,
427 2356 483 2396 nec
505 2356 566 2396 non
586 2347 615 2395 et
636 2336 743 2412 gaudia
764 2336 851 2412 vulgi,

178 2435 321 2494 interdum
341 2445 370 2494 et
390 2436 532 2508 lacrimaS,
553 2454 621 2494 cum
641 2420 774 2494 fortunae
794 2436 856 2514 ipse
877 2435 985 2495 minaci

178 2534 329 2594 mandaret
349 2534 486 2611 laqueum
507 2534 694 2610 mediumque
715 2534 879 2594 ostenderet
899 2553 1037 2611 unguem.

238 2632 320 2710 Ergo
341 2651 521 2711 supervacua
542 2642 592 2691 aut
612 2619 658 2692 vel
679 2633 845 2710 perniciosa
865 2643 1011 2710 petuntur,
1068 2625 1071 2632 ⁴

178 2741 297 2807 propter
313 2748 390 2807 quae
411 2730 455 2790 fas
476 2740 520 2790 est
540 2749 638 2807 genua
658 2730 788 2790 incerare
810 2730 940 2790 deorum.

237 2828 394 2902 Quosdam
415 2829 586 2907 praecipitat
606 2829 737 2907 subiecta
757 2829 888 2906 potentia
908 2847 1035 2908 magnae

178 2926 311 3002 invidiae,
331 2929 437 3004 mergit
457 2911 548 3004 longa
568 2937 657 3005 atque
678 2927 802 3002 insignis
822 2927 970 2987 honorum

177 3026 293 3103 pagina.
334 3025 517 3086 descendunt
538 3035 648 3086 statuae
669 3035 832 3105 restemque
854 3037 1021 3104 sequuntur,

179 3123 255 3200 ipsas
276 3124 383 3183 deinde
406 3133 484 3184 rotas
505 3125 640 3202 bigarum
660 3125 777 3202 inpacta
798 3125 906 3184 securis
1013 3120 1023 3135 '

179 3223 272 3282 caedit
292 3232 321 3283 et
341 3223 482 3282 inmeritis
502 3222 675 3302 franguntur
695 3243 779 3282 crura
800 3224 928 3284 caballis

179 3321 235 3380 iam
256 3321 377 3382 strident
397 3322 489 3399 ignes,
511 3322 571 3380 iam
592 3322 708 3381 follibus
729 3331 817 3398 atque
838 3321 959 3381 caminis

179 3419 258 3479 ardet
278 3419 432 3479 adoratum
452 3421 565 3497 populo
586 3428 674 3497 caput
695 3429 724 3478 et
745 3429 842 3496 crepat
863 3419 967 3495 ingens

159 3516 318 3591 ·Seianus;
340 3518 446 3578 deinde
467 3537 504 3577 ex
525 3518 600 3579 facie
621 3529 685 3578 toto
705 3519 776 3579 orbe
798 3518 927 3577 secunda

179 3616 251 3675 fiunt
270 3617 380 3694 urceoli
401 3616 498 3694 pelves
519 3627 635 3693 sartago
656 3616 797 3676 matellae.

180 3732 257 3790 pone
278 3713 360 3774 domi
381 3715 490 3786 laurus,
511 3715 568 3774 duc
590 3717 621 3774 in
643 3715 786 3793 Capitolia
807 3731 966 3792 magnum·

180 3823 375 3892 cretatumque
396 3816 512 3888 bovem,
534 3813 658 3876 Seianus
679 3815 792 3874 ducitur
813 3831 892 3875 unco
