2714 4350
177 349 240 411 124
478 338 517 395 o.
538 337 656 393 rurvrr
673 336 909 393 ravanam

174 522 236 564 non
257 502 341 561 debet
363 500 446 561 dolor
467 519 530 560 esse
551 501 610 572 viri,
632 518 687 559 nec
709 499 824 560 vulnere
845 501 946 560 maior.

173 610 205 658 tu
226 598 358 676 quamvis
379 599 484 657 levium
505 599 657 659 minimam
677 599 873 677 exiguamque
893 600 1040 660 malorum

173 697 344 776 particulam
365 698 412 755 vix
432 696 620 773 ferre'potes,
644 699 846 774 spumantibus
868 699 973 760 ardens

173 797 340 869 visceribus,
360 815 474 855 sacmm
495 796 546 855 tibi
568 797 649 875 quod
669 815 731 856 non
752 797 855 856 reddat
875 798 987 856 amicus

175 894 349 970 depositum.
391 904 486 972 stupet
506 895 587 964 haec,
609 896 659 973 qui
680 896 739 953 iam
759 905 826 972 post
846 904 926 972 terga
947 896 1062 973 reliquit

174 994 326 1068 sexaginta
347 1011 449 1064 annos,
470 992 594 1053 Fonteio
616 992 737 1052 consule
757 1004 853 1066 natus,

174 1109 212 1148 an
233 1091 305 1150 nihil
325 1093 355 1149 in
372 1092 475 1150 melius
496 1101 540 1150 tot
561 1085 664 1151 rerum'
678 1093 792 1169 proficit
813 1094 902 1152 usus?

174 1209 282 1267 magna
304 1189 433 1268 quidem,
455 1190 543 1249 sacris
564 1209 639 1267 quae
660 1191 709 1248 dat
730 1200 884 1268 praecepta
905 1191 1008 1251 libellis

173 1289 274 1347 victrix
296 1289 428 1347 fortunae
451 1291 592 1366 sapientia
604 1308 613 1362 ;
643 1288 775 1349 ducimus
796 1301 895 1348 autem

174 1387 230 1446 hos
250 1406 367 1465 quoque
388 1388 493 1459 felices,
515 1389 565 1465 qui
587 1387 661 1447 ferre
681 1387 872 1447 incommoda
892 1387 969 1448 vitae

174 1505 229 1546 nec
251 1487 358 1545 iactare
379 1488 480 1563 iugum
500 1488 558 1545 vita
578 1486 703 1546 didicere
724 1487 870 1562 magistra.

175 1603 250 1664 quae
270 1595 331 1643 tam
352 1585 423 1644 festa
444 1585 513 1658 dies,
536 1595 568 1645 ut
589 1595 685 1644 cesset
705 1585 829 1661 prodere
851 1584 947 1644 furem

174 1684 327 1761 perfidiam
347 1684 462 1743 fraudes
483 1694 569 1762 atque
591 1684 673 1743 omni
693 1703 731 1742 ex
752 1684 872 1744 crimine
891 1682 1006 1743 lucrum

175 1784 338 1860 quaesitum
358 1793 387 1841 et
407 1793 507 1858 partos
527 1782 625 1860 gladio
641 1781 686 1840 vel
703 1782 812 1858 puxide
832 1785 992 1843 nummos?

174 1882 230 1940 rari
250 1883 359 1960 quippe
380 1883 459 1953 boni¹
480 1899 604 1942 numero
624 1882 672 1940 vix
694 1891 761 1940 sunt
782 1881 904 1941 totidem
925 1892 998 1962 quot

176 1980 347 2039 Thebarum
367 1991 468 2058 portae
485 1980 530 2039 vel
551 1980 645 2039 divitis
665 1980 739 2038 ostia
760 1978 829 2038 Nili.

176 2096 256 2137 nona
276 2089 356 2137 aetas
377 2080 469 2155 agitur
490 2079 646 2155 peioraque
668 2078 783 2137 saecula
804 2077 869 2137 ferri

174 2178 362 2254 temporibus,
384 2196 509 2254 quorum
529 2177 630 2236 sceleri
645 2195 708 2236 non
728 2177 838 2236 invenit
859 2177 938 2254 ipsa¹

176 2294 285 2335 nomen
306 2285 334 2334 et
354 2294 372 2332 a
392 2276 471 2334 nullo
492 2276 589 2352 posuit
609 2287 711 2334 natura
732 2276 850 2335 metallo
860 2295 869 2349 ;

174 2393 230 2434 nos
251 2375 405 2433 hominum
426 2375 581 2452 divumque
602 2375 690 2433 fidem
712 2374 839 2434 clamore
860 2375 978 2445 ciemus,

176 2481 286 2550 quanto
307 2472 471 2530 Faesidium
491 2471 589 2530 laudat
609 2471 719 2532 vocalis
740 2482 877 2548 agentem

176 2570 312 2648 sportula.
355 2572 410 2642 dic,
433 2572 529 2630 senior
549 2572 628 2629 bulla
649 2572 825 2647 dignissime,
847 2573 950 2643 nescis,

176 2686 249 2748 quas
269 2669 375 2728 habeat
395 2688 514 2729 veneres
536 2671 631 2728 aliena
651 2671 777 2747 pecunia
786 2671 802 2729 ἲ·
819 2671 924 2742 nesciS,

176 2787 264 2846 quem
285 2778 335 2826 tua
356 2770 525 2844 simplicitas
545 2769 634 2827 risum
654 2768 741 2844 vulgo
761 2779 884 2841 moveat,
908 2786 976 2828 cum

175 2868 269 2944 exigis
290 2886 307 2924 a
329 2885 479 2943 quoquam
499 2885 536 2925 ne
557 2868 666 2943 peieret
685 2878 714 2926 et
735 2875 817 2944 putet
836 2865 900 2925 ullis

175 2985 240 3025 esse
261 2966 378 3042 aliquod
400 2983 509 3023 numen
529 2965 645 3042 templis
665 2982 791 3041 araeque
812 2965 946 3024 rubenti?

176 3065 326 3142 quondam
346 3064 403 3122 hoc
423 3063 577 3140 indigenae
598 3064 731 3122 vivebant
751 3081 840 3134 more,
861 3064 1034 3141 priusquam

175 3173 301 3222 sumeret
322 3172 465 3239 agrestem
486 3163 581 3238 posito
602 3163 767 3221 diademate
787 3161 891 3222 falcem

178 3261 318 3320 Saturnus
338 3262 460 3339 fugiens,
480 3273 559 3334 tunc,
581 3281 649 3321 cum
670 3260 839 3338 virguncula
853 3261 931 3321 Iuno

177 3369 207 3417 et
226 3360 351 3435 privatus
373 3360 470 3419 adhuc
491 3360 587 3419 Idaeis
607 3360 739 3437 Iuppiter
759 3360 857 3430 antn's,

177 3457 256 3514 nulla
277 3476 362 3534 super
382 3459 475 3516 nubes
496 3459 626 3518 convivia
648 3457 859 3530 caelicolarum,
885 3462 893 3482 ⁰

178 3574 233 3614 nec
254 3574 327 3632 puer
347 3556 462 3626 Iliacus,
483 3555 611 3615 formosa
632 3574 687 3615 nec
709 3554 845 3615 Herculis
864 3573 940 3615 uxor

179 3653 218 3711 ad
238 3652 360 3728 cyathos
381 3663 410 3712 et
430 3655 488 3710 iam
510 3655 619 3714 siccato
641 3664 759 3713 nectare
779 3663 895 3730 tergens

178 3750 316 3809 bracchia
336 3751 487 3810 Vulcanus
508 3752 650 3828 Liparaea
670 3753 754 3830 nigra
775 3753 903 3826 taberna,

179 3850 341 3925 prandebat
362 3850 415 3922 sibi
436 3851 559 3928 quisque
580 3852 661 3925 deus,
682 3871 737 3912 nec
753 3853 838 3910 turba
860 3850 981 3910 deorum
