2714 4350
232 339 273 424 98
533 343 573 399 n.
595 341 713 398 rurvrr
730 341 967 398 ruVaNAtrs

231 507 360 579 Pontice,
383 505 525 566 noluerim
547 505 588 565 sic
608 515 640 564 ut
661 505 731 564 nihil
751 505 814 583 ipse
835 506 947 565 futurae

231 606 324 665 laudis
345 623 423 682 agas.
464 605 602 664 miserum
623 614 667 664 est
688 605 811 666 aliorum
832 605 1002 664 incumbere
1024 603 1128 676 famae,

231 722 270 765 ne
291 703 432 780 conlapsa
453 713 538 764 ruant
559 703 709 762 subductis
730 712 806 764 tecta
827 702 981 762 columnis.

232 811 336 865 stratus
356 801 437 861 humi
457 803 569 880 palmes
591 802 691 861 viduas
712 801 856 862 desiderat
876 802 981 862 ulmos.

232 912 295 962 esto
316 902 413 960 bonus
433 901 525 975 mileS,
547 910 625 960 tutor
645 900 750 974 bonus,
773 901 878 960 arbiter
898 899 976 959 idem

232 1002 352 1079 integer.
396 1001 549 1077 ambiguae
571 1000 595 1059 si
617 999 736 1076 quando
757 1000 882 1060 citabere
901 999 982 1058 testis

232 1101 418 1178 incertaeque
438 1100 488 1171 rei,
510 1092 639 1158 Phalaris
660 1099 725 1157 licet
745 1099 868 1176 imperet
890 1108 923 1156 ut
938 1097 984 1158 vsis

233 1198 321 1258 falsus
342 1210 370 1259 et
391 1198 513 1257 admoto
534 1197 622 1256 dictet
642 1197 769 1274 periuria
789 1207 882 1270 tauta,

234 1316 382 1356 summum
404 1296 490 1357 crede
511 1295 594 1354 nefas
615 1295 744 1354 animam
765 1295 907 1374 praeferre
928 1293 1034 1373 pudori

234 1407 262 1455 et
283 1407 401 1473 propter
421 1397 509 1454 vitam
530 1394 642 1452 vivendi
663 1394 784 1470 perdere
806 1412 918 1453 causas.

234 1496 341 1571 dignus
362 1503 456 1554 morte
478 1493 559 1569 perit,
582 1502 665 1551 cenet
685 1493 749 1551 licet
770 1501 866 1553 ostrea
887 1503 1004 1552 centnm

234 1594 373 1654 Gaurana
395 1602 424 1652 et
444 1591 547 1651 Cosmi
568 1601 629 1650 toto
652 1601 797 1667 mergatur
809 1599 901 1651 aeno.

234 1703 387 1771 expectata
409 1692 458 1750 diu
480 1690 600 1750 tandem
620 1690 770 1766 provincia
791 1708 859 1749 cum
879 1700 908 1749 te

234 1803 378 1852 rectorem
400 1791 532 1867 accipiet,
553 1807 632 1866 pone
653 1789 713 1846 irae
734 1788 815 1849 frena
835 1789 1024 1867 modumque,

234 1908 312 1968 pone
334 1899 363 1949 et
383 1889 526 1962 avaritiae,
549 1889 686 1946 miserere
706 1887 828 1964 inopum
851 1888 1014 1947 sociorum:

235 2009 302 2049 ossa
322 1988 401 2047 vides
420 2005 524 2064 regum
544 1985 642 2044 vacuis
664 1995 769 2045 exucta
789 1985 931 2046 medullis.

235 2088 355 2164 respice,
378 2086 449 2163 quid
469 2093 610 2142 moneant
630 2084 719 2159 leges,
742 2084 813 2161 quid
833 2085 913 2144 curia
934 2084 1062 2156 mandet,

236 2186 364 2264 praemia
385 2193 494 2261 quanta
514 2184 609 2242 bonos
631 2193 777 2256 maneant,
801 2201 890 2261 quarn
911 2182 1030 2243 fulmine
1052 2166 1129 2244 iusto

235 2294 265 2343 et
287 2283 392 2359 Capito
413 2292 442 2339 et
463 2280 601 2340 Numitor
622 2282 729 2340 ruerint
750 2282 908 2340 damnante
929 2291 1040 2356 senatu,

235 2383 343 2459 piratae
365 2379 498 2439 Cilicum.
540 2379 592 2438 sed
613 2379 683 2456 quid
704 2379 853 2439 damnatio
874 2379 1005 2439 confert?
1053 2456 1055 2460 7

236 2497 304 2537 cum
326 2479 423 2537 Pansa
443 2479 542 2554 eripiat
564 2478 707 2557 quidquid
728 2479 779 2538 tibi
800 2476 892 2537 Natta
912 2478 1035 2555 reliquit,

236 2595 419 2654 praeconem,
441 2576 614 2653 Chaerippe,
637 2577 692 2637 tuis
713 2577 905 2654 circumspice
926 2578 1041 2653 panniS,

235 2676 352 2752 iamque
372 2684 436 2735 tace
447 2696 455 2748 ;
477 2675 556 2735 furor
577 2685 620 2734 est
641 2685 708 2752 post
729 2676 829 2735 omnia
851 2675 971 2751 perdere
992 2676 1113 2737 naulon.

236 2792 298 2832 non
318 2775 396 2833 idem
417 2775 541 2851 gemitus
562 2775 632 2832 olim
654 2793 750 2854 neque
770 2774 875 2834 vulnus
896 2785 957 2835 erat
978 2794 1031 2852 par

237 2874 413 2932 damnorum
435 2873 521 2932 sociis
542 2873 713 2931 florentibus
734 2881 763 2931 et
783 2872 874 2933 modo
893 2873 982 2933 victis.

237 2972 325 3049 plena
347 2972 454 3030 domus
473 2980 542 3028 tunc
565 2971 669 3043 omnis,
692 2981 720 3029 et
740 2970 845 3047 ingens
865 2973 959 3031 stabat
981 2989 1100 3032 acervos

236 3088 432 3141 nummorum,
457 3068 599 3145 Spartana
621 3068 759 3145 chlamys,
783 3069 937 3146 conchylia
958 3069 1031 3143 Coa,

238 3179 267 3227 et
288 3187 356 3228 cum
377 3167 499 3226 Parrasii
521 3168 625 3225 tabulis
646 3166 793 3243 signisque
815 3166 949 3245 Myronis

238 3266 407 3325 Phidiacum
429 3266 540 3324 vivebat
562 3266 642 3336 ebur,
664 3283 718 3323 nec
740 3283 802 3323 non
822 3265 952 3341 Polycliti

239 3364 346 3422 multus
366 3365 475 3440 ubique
496 3363 586 3436 labor,
608 3383 690 3422 rarae
712 3365 773 3423 sine
795 3363 930 3423 Mentore
951 3382 1082 3424 mensae.

238 3461 306 3520 inde
327 3460 496 3520 Dolabellae
518 3471 604 3537 atque
625 3461 694 3522 hinc
714 3463 868 3535 Antonius,
890 3464 958 3522 inde

239 3560 393 3636 sacrilegus
415 3559 520 3619 Verres
541 3561 702 3619 referebant
722 3561 844 3620 navibus
866 3563 929 3621 altis

239 3657 353 3715 occulta
374 3657 467 3732 spolia
488 3667 516 3717 et
537 3658 635 3733 plures
655 3659 692 3718 de
713 3677 788 3736 pace
808 3659 980 3736 triumphos.

240 3773 319 3813 nunc
340 3756 427 3814 sociis
447 3756 515 3831 iuga
536 3775 630 3832 pauca
651 3758 751 3830 boum,
774 3777 845 3834 grex
866 3776 972 3834 parvus
992 3776 1133 3835 equarum

239 3863 268 3912 et
288 3863 369 3929 pater
390 3853 512 3911 armenti
533 3865 619 3930 capto
640 3855 776 3931 eripiatur
797 3856 899 3933 agelIO,
