2714 4350
483 282 651 338 SATURA
675 283 736 339 III.
763 277 920 359 146-215.

174 467 264 526 quam
285 450 354 508 satis
374 459 417 508 est
438 449 583 508 interdum
604 450 698 509 aliena
720 451 842 510 sumitur
863 470 938 511 arca.

172 566 332 608 commune
352 549 382 607 id
403 549 502 608 vitium
523 559 574 619 est,
596 549 643 608 hic
664 550 785 608 vivimus
806 551 961 610 ambitiosa

173 657 346 723 paupertate
367 665 481 707 omnes,
524 646 594 724 quid
615 657 643 706 te
664 649 787 706 moror?
816 649 916 707 omnia
938 648 1052 708 Romae

174 764 243 805 cum
264 747 366 823 pretio.
408 746 480 823 quid
501 745 564 817 das,
583 755 616 804 ut
637 745 765 805 Cossum
785 747 944 823 aliquando
965 748 1079 819 salutes,

174 856 207 903 ut
229 857 257 904 te
278 845 412 925 respiciat
432 844 534 904 clauso
555 843 682 905 Veiento
702 844 830 905 labello?

173 944 221 1002 ille
242 943 324 1003 metit
345 944 476 1014 barbam,
499 943 610 1002 crinem
631 942 679 1001 hic
699 942 822 1019 deponit
842 945 938 1015 amati,

174 1042 262 1119 plena
284 1042 390 1100 domus
412 1042 476 1100 libis
497 1042 655 1101 venalibus.
697 1042 798 1118 accipe
819 1053 848 1103 et
869 1042 946 1104 istud

175 1141 350 1201 fermentum
370 1141 422 1199 tibi
442 1141 535 1200 habe:
560 1149 705 1216 praestare
726 1142 835 1199 tributa
856 1141 975 1202 clientes

175 1242 309 1317 cogimur
326 1249 355 1298 et
375 1239 458 1299 cultis
478 1258 586 1316 augere
607 1239 721 1315 peculia
741 1239 838 1298 servis.

238 1338 313 1410 Q‘uis
333 1339 415 1396 timet
435 1347 484 1396 aut
504 1339 598 1396 timuit
618 1337 715 1413 gelida
735 1337 893 1397 Praeneste
913 1339 1035 1409 ruinam,

177 1449 226 1495 aut
247 1438 350 1514 positis
369 1455 527 1496 nemorosa
548 1437 621 1495 inter
641 1436 710 1513 iuga
731 1435 879 1508 Volsiniis,
902 1449 951 1495 aut

150 1524 152 1528 ⁷
177 1535 356 1613 simplicibus
377 1535 489 1607 Gabiis,
511 1545 561 1595 aut
581 1536 667 1611 proni
690 1533 808 1595 Tiburis
830 1537 917 1594 arce?

177 1655 231 1694 nos
252 1635 354 1693 urbem
376 1633 498 1692 colimus
519 1634 598 1692 tenui
619 1633 738 1692 tibicine
759 1633 859 1692 sultam

178 1753 286 1810 magna
306 1742 387 1809 parte
408 1733 469 1791 sui:
491 1750 561 1791 nam
582 1733 623 1791 sic
643 1733 807 1791 labentibus
828 1735 924 1818 obstat

177 1832 277 1890 vilicus
298 1845 335 1903 et,
357 1831 458 1890 veteris
479 1831 569 1889 rimae
590 1849 658 1889 cum
678 1831 750 1889 texit
771 1831 890 1900 hiatum,

178 1947 296 1989 securos
317 1928 462 2006 pendente
482 1929 561 1987 iubet
583 1928 710 1988 dormire
730 1929 821 1988 ruina.

178 2028 331 2087 vivendum
352 2037 396 2086 est
416 2028 483 2100 illic,
503 2028 553 2086 ubi
573 2027 652 2086 nulla
672 2028 815 2099 incendia,
837 2029 907 2087 nulli

178 2137 264 2185 nocte
285 2136 387 2185 metus
429 2127 489 2184 iam
510 2127 605 2201 poscit
625 2143 741 2203 aquam,
763 2127 823 2184 iam
843 2126 945 2186 frivola
967 2127 1102 2187 transfert

179 2225 339 2301 Ucalegon,
360 2224 487 2284 tabulata
508 2225 559 2283 tibi
579 2225 639 2283 iam
660 2226 742 2284 tertia
762 2225 885 2297 fumant,

179 2335 209 2382 tu
230 2324 332 2382 nescis
376 2341 446 2380 nam
467 2323 492 2381 si
513 2323 652 2399 gradibus
673 2323 831 2400 trepidatur
852 2324 890 2382 ab
910 2324 984 2397 imis,

179 2423 297 2482 ultimus
317 2421 435 2493 ardebit,
458 2439 548 2498 quem
567 2422 664 2496 tegula
685 2422 746 2482 sola
767 2433 861 2481 tuetur

180 2542 197 2581 a
216 2521 322 2600 pluvia,
343 2520 446 2580 molles
467 2521 517 2579 ubi
537 2520 663 2579 reddunt
683 2538 738 2580 ova
760 2521 920 2580 columbae.

180 2621 269 2681 lectus
290 2629 350 2678 erat
372 2619 471 2678 Codro
493 2617 617 2679 Procula
638 2620 742 2691 minor,
763 2620 872 2678 urceoli
894 2638 954 2691 sex,

182 2701 385 2780 ornamentum
408 2717 501 2788 abaci,
522 2735 578 2776 nec
599 2735 661 2775 non
683 2727 710 2775 et
732 2717 869 2793 parvulus
889 2718 964 2776 inira

182 2806 333 2878 cantharus
353 2827 381 2875 et
402 2817 545 2875 recubans
566 2817 620 2874 sub
641 2816 746 2875 eodem
767 2835 914 2876 marmore
936 2816 1056 2887 Chiron,
1183 2841 1227 2890 205

183 2917 297 2993 iamque
319 2925 399 2974 vetus
421 2913 552 2974 Graecos
573 2914 706 2972 servabat
727 2915 799 2975 cista
820 2915 942 2987 libellos,

182 3027 207 3075 et
227 3016 325 3074 divina
343 3014 422 3090 opici
442 3012 585 3073 rodebant
606 3013 736 3073 carmina
757 3033 862 3074 mures.

183 3114 220 3172 nil
240 3113 342 3172 habuit
363 3112 485 3183 Codrus,
507 3113 571 3189 quis
591 3112 671 3170 enim
692 3114 800 3188 negat?
826 3123 855 3171 et
875 3123 975 3172 tamen
996 3112 1066 3169 illud

183 3212 303 3288 perdidit
325 3209 425 3269 infelix
447 3221 540 3271 totum
562 3210 649 3283 nihil;
674 3210 792 3270 ultimus
813 3221 911 3269 autem

184 3328 338 3370 aerumnae
359 3309 500 3378 cumulus,
522 3310 603 3385 quod
624 3309 738 3367 nudum
758 3319 787 3368 et
807 3308 897 3367 frusta
918 3318 1073 3385 rogantem

184 3427 269 3469 nemo
290 3408 367 3478 cibo,
389 3424 478 3466 nemo
498 3406 624 3482 hospitio
646 3417 782 3483 tectoque
802 3408 917 3466 iuvabit.

185 3500 210 3564 si'
225 3524 335 3583 magua
354 3504 481 3565 Asturici
502 3505 608 3564 cecidit
629 3504 742 3576 domus,
765 3504 883 3563 horrida
903 3514 1003 3576 mater,

185 3605 280 3681 pullati
301 3621 447 3681 proceres,
469 3601 564 3663 differt
585 3603 750 3663 vadimonia
772 3613 903 3679 praetor;

185 3710 249 3761 tunc
269 3702 416 3780 gemimus
437 3719 522 3760 casus
543 3701 629 3773 urbis
651 3712 721 3760 tunc
742 3699 857 3760 odimus
878 3701 984 3776 ignem.

188 3799 261 3860 ardet
281 3799 386 3872 adhuc,
410 3807 439 3860 et
459 3799 518 3857 iam
538 3800 662 3859 accurrit
682 3799 732 3877 qui
753 3815 901 3858 marmora
922 3799 1018 3870 donet,
1182 3821 1229 3869 215
