2714 4350
472 285 641 341 SATURA
670 286 931 362 VIIL145-214.
1165 300 1223 348 101

173 466 283 526 nempe
304 449 335 509 in
356 448 493 510 Lucanos
514 458 564 509 aut
585 448 687 512 Tusca
707 451 852 528 ergastula
872 451 980 514 mittas.
1149 491 1153 498 ·
1179 468 1227 516 180

173 557 203 606 at
223 566 287 620 vos,
309 547 507 625 Troiugenae,
527 548 611 607 vobis
632 548 790 624 ignoscitis,
813 558 841 608 et
862 567 939 626 quae

173 647 269 725 turpia
290 645 429 720 Cerdoni‚
446 645 572 706 Volesos
593 646 775 723 Brutumque
796 647 950 710 decebunt.

235 752 325 826 Quid,
348 752 372 812 si
392 771 555 832 numquam
576 752 652 812 adeo
672 752 765 813 foedis
786 754 920 832 adeoque
940 739 1102 833 pudendis
1146 797 1147 801 =

173 852 282 911 utimur
303 850 452 928 exemplis,
474 861 506 911 ut
526 870 588 910 non
609 852 710 929 peiora
731 853 895 929 supersint?

174 950 358 1027 consumptis
379 949 486 1027 opibus
506 967 618 1022 vocem,
641 949 832 1027 Damasippe,
855 950 958 1012 locasti

174 1048 291 1125 sipario,
314 1047 476 1107 clamosum
496 1066 599 1125 ageres
618 1057 650 1106 ut
670 1047 795 1125 phasma
817 1049 930 1109 Catulli

174 1145 352 1206 Laureolum
372 1144 457 1206 velox
478 1147 567 1204 etiam
587 1147 663 1205 bene
684 1145 825 1206 Lentulus
846 1148 913 1224 egit,

174 1245 269 1305 iudice
289 1263 337 1304 me
359 1244 465 1322 dignus
485 1263 553 1304 vera
574 1263 670 1305 cruce.
712 1264 768 1304 nec
789 1255 888 1305 tamen
910 1247 965 1324 ipsi

174 1343 312 1421 ignoscas
332 1342 462 1421 popul03
483 1343 585 1421 populi
605 1343 688 1404 frons
708 1344 806 1405 durior
826 1345 920 1419 huius,

175 1443 225 1522 qui
246 1441 328 1502 sedet
348 1451 376 1501 et
397 1451 508 1519 spectat
530 1443 673 1502 triscurria
694 1443 890 1520 patriciorum,

175 1541 345 1621 planipedes
366 1540 446 1599 audit
467 1540 583 1615 Fabios,
607 1541 698 1600 ridere
719 1551 815 1618 potest
836 1540 886 1620 qui

175 1638 393 1699 Mamercorum
414 1638 522 1716 alapas.
563 1639 664 1717 quanti
686 1657 739 1698 sua
758 1639 860 1699 funera
880 1639 1015 1714 vendant,

175 1738 246 1816 quid
266 1737 372 1797 refert?
392 1737 522 1797 vendunt
542 1736 623 1797 nullo
644 1747 768 1814 cogente
789 1736 917 1811 Nerone,

174 1855 229 1897 nec
250 1835 385 1896 dubitant
405 1837 474 1897 celsi
495 1836 635 1914 praetoris
655 1836 781 1896 vendere
802 1835 885 1895 ludis.

175 1936 253 2011 finge
274 1945 373 1994 tamen
393 1935 507 2013 gladios
527 1934 595 1995 inde
616 1945 703 2012 atque
723 1935 792 1993 hinc
812 1935 924 2012 pulpita
944 1936 1024 2012 poni,

175 2033 247 2111 quid
267 2034 375 2094 satius?
397 2043 523 2094 mortem
544 2034 585 2093 sic
606 2035 762 2112 quisquam
783 2032 938 2105 exhorruit,
960 2045 992 2094 ut
1013 2035 1049 2094 sit

175 2133 326 2210 zelotypus
347 2131 515 2210 Thymeles,
536 2133 643 2210 stupidi
665 2132 777 2208 collega
799 2131 951 2192 Corinthi?

176 2251 221 2292 res
243 2232 315 2291 haut
335 2233 409 2293 mira
429 2241 529 2300 tamen
548 2231 716 2291 citharoedo
737 2231 867 2307 principe
887 2231 995 2291 mimus

175 2330 289 2390 nobilis.
331 2329 405 2390 haec
425 2329 500 2389 ultra
521 2329 592 2407 quid
612 2329 666 2388 erit
686 2329 743 2388 nisi
762 2329 870 2388 ludus?
892 2339 921 2388 et
940 2329 997 2390 illic

176 2429 303 2488 dedecus
323 2429 404 2488 urbis
423 2426 522 2499 habes,
545 2444 601 2492 nec
621 2426 802 2485 mirmillonis
822 2427 853 2484 in
874 2427 971 2500 armis,

175 2546 230 2587 nec
254 2527 348 2604 clipeo
369 2526 539 2590 Gracchum
559 2535 741 2603 pugnantem
763 2534 813 2584 aut
833 2524 907 2584 falce
928 2527 1044 2603 supina,

176 2626 295 2685 damnat
316 2625 394 2684 enim
415 2625 486 2685 tales
507 2623 633 2694 habitus,
655 2619 699 2705 [et
720 2624 840 2683 damnat
861 2633 890 2684 et
911 2623 982 2698 odit,

177 2743 230 2785 nec
251 2725 336 2801 galea
357 2723 461 2783 faciem
481 2722 637 2783 abscondit
648 2719 670 2804 :]
692 2732 790 2781 movet
810 2741 879 2781 ecce
899 2722 1053 2783 tridentem
1074 2735 1112 2799 et,

177 2834 334 2901 postquam
355 2823 467 2884 vibrata
488 2821 645 2900 pendentia
665 2822 738 2880 retia
759 2820 860 2880 dextra

177 2923 355 3000 nequiquam
375 2921 485 2994 effudit,
508 2919 622 2979 nudum
642 2920 680 2978 ad
702 2919 866 2997 spectacula
886 2919 997 2980 voltum

176 3021 258 3097 erigit
279 3029 308 3078 et
329 3028 390 3079 tota
410 3018 483 3095 fugit
503 3018 710 3096 agnoscendus
730 3017 848 3077 harena.

178 3118 330 3179 credamus
350 3117 475 3192 tunicae,
498 3117 534 3176 de
554 3117 689 3176 faucibus
710 3135 798 3176 aurea
818 3134 886 3176 cum
907 3134 939 3177 se

178 3218 304 3295 porrigat
324 3227 353 3276 et
373 3217 466 3294 longo
486 3216 607 3276 iactetur
628 3217 705 3293 spira
725 3215 833 3292 galero,

178 3336 246 3395 ergo
267 3316 460 3394 ignominiam
480 3316 643 3392 graviorem
664 3315 779 3390 pertulit
799 3313 880 3373 omni

178 3417 294 3477 vulnere
315 3434 383 3475 cum
405 3414 543 3481 Graccho
563 3415 659 3473 iussus
680 3431 811 3491 pugnare
833 3421 957 3472 secutor.

216 3512 324 3575 Libera
345 3515 369 3574 si
390 3514 495 3573 dentur
515 3512 625 3590 populo
646 3511 791 3588 suffragia,
815 3510 881 3586 quis
901 3518 962 3569 tam

178 3614 314 3690 perditus
336 3623 369 3673 ut
389 3613 499 3673 dubitet
521 3612 663 3672 Senecam
684 3609 827 3688 praeferre
849 3607 970 3682 Neroni,

180 3701 259 3772 cuius
281 3711 424 3789 supplicio
445 3728 506 3770 non
527 3710 628 3773 debuit
648 3726 707 3767 una
727 3707 821 3785 parari

180 3811 260 3870 simia
281 3829 337 3871 nec
357 3819 573 3887 serpens-unus
593 3827 649 3874 uec
671 3807 780 3868 culleus
801 3804 896 3866 unus?
964 3810 967 3820 '
