2714 4350
509 303 677 360 sarvam
706 295 892 377 uta-151.

173 479 242 528 tunc
264 467 317 526 erit
337 476 366 527 et
387 465 494 526 facient
513 476 615 543 optata
634 468 761 526 tonitrua
781 486 870 528 cenas

174 567 308 625 maiores.
350 565 420 624 ‘tibi
440 565 516 624 habe
536 563 731 636 frumentum,’
752 565 883 626 Alledius
904 566 1005 644 inquit,

175 670 211 725 ‘o
231 662 337 740 Libye,
357 663 489 738 disiunge
510 664 607 735 boves,
626 663 697 722 dum
718 665 818 723 tubera
839 664 954 724 mittas!

174 773 348 822 structorem
369 762 484 834 interea,
506 780 544 820 ne
564 779 624 838 qua
643 761 803 838 indignatio
824 761 908 834 desit,

174 861 327 921 saltantem
348 869 460 936 spectes
480 869 510 919 et
530 859 753 921 chironomunta
773 860 881 920 volanti

174 960 299 1030 cultell0,
320 958 416 1018 donec
437 968 557 1036 peragat
577 960 685 1019 dictata
705 960 835 1037 magistri

175 1060 291 1130 omnia;
317 1076 372 1116 nec
388 1058 516 1119 minimo
537 1077 607 1117 sane
628 1058 794 1118 discrimine
815 1058 909 1131 refert,

175 1177 233 1235 quo
254 1166 340 1233 gestu
355 1155 473 1232 'lepores
494 1167 524 1215 et
544 1174 605 1234 quo
626 1156 734 1232 gallina
755 1167 877 1217 secetur.

175 1256 289 1315 duceris
310 1254 417 1331 planta,
438 1254 514 1314 velut
532 1255 609 1345 ictus
629 1256 667 1314 ab
689 1254 818 1314 Hercule
840 1255 945 1326 Cacus
1180 1279 1224 1330 125

175 1366 203 1412 et
223 1371 333 1429 ponere
355 1351 432 1424 foris,
454 1353 478 1410 si
499 1353 571 1429 quid
591 1353 777 1429 temptaveris
793 1371 939 1430 :umquam

174 1452 293 1521 hiscere,
314 1460 465 1528 tamquam
486 1450 594 1510 habeas
615 1452 669 1510 tria
689 1452 819 1511 nomina.
850 1452 974 1529 :quando
996 1454 1132 1529 propinat

175 1550 263 1608 Virro
283 1550 335 1608 tibi
355 1550 479 1608 sumitve
499 1551 556 1608 tuis
578 1559 713 1609 contacta
733 1550 847 1609 labellis

176 1649 302 1725 pocula?
326 1648 391 1725 quis
412 1658 538 1707 vestrum
559 1649 727 1708 temerarius
748 1667 841 1725 usque
863 1649 947 1720 adeo,
969 1651 1033 1726 quis

176 1748 314 1824 perditus,
336 1756 368 1804 ut
389 1747 467 1806 dicat
487 1748 550 1823 regi
565 1745 690 1807 ·‘bibe'?''
713 1746 837 1823 plurima
858 1757 933 1819 sunt,
956 1767 1032 1825 quae

176 1863 238 1903 non
259 1845 368 1904 audent
388 1826 523 1904 homines
542 1855 660 1922 pertusa
681 1844 776 1903 dicere
797 1845 891 1904 laena.

177 1942 388 2021 quadringenta
407 1945 460 2002 tibi
481 1944 505 2002 si
519 1943 590 2021 equis
611 1944 683 2003 deus
704 1951 755 2001 aut
775 1943 875 2002 similis
896 1943 940 2003 dis

177 2053 204 2102 et
225 2043 327 2102 melior
347 2041 412 2101 fatis
433 2042 555 2102 donaret
575 2041 744 2112 homuncio,
766 2051 894 2118 quantus

177 2159 213 2199 ex
234 2139 333 2210 nihilo,
356 2150 481 2218 quantus
502 2142 585 2199 fieres
603 2137 738 2198 Virronis
760 2139 889 2199 amicusl

177 2238 231 2297 ‘da
252 2239 381 2297 Trebio!
403 2257 481 2316 pone
501 2239 540 2297 ad
560 2238 720 2296 Trebiuml
742 2238 784 2296 vis
805 2237 892 2298 frater
912 2239 951 2298 ab
971 2239 1041 2314 ipsis

177 2336 294 2397 ilibusl'
329 2355 348 2396 o
369 2337 491 2407 nummi,
513 2337 595 2396 vobis
616 2336 694 2395 hunc
716 2347 842 2412 praestat
862 2336 1016 2407 honorem,

178 2453 229 2495 vos
250 2435 320 2494 estis
340 2434 449 2494 fratres.
492 2435 629 2494 dominus
645 2443 749 2495 ‘tamen
770 2445 799 2494 et
821 2436 932 2497 domini
952 2455 1004 2496 rex
1109 2458 1113 2466 ·

179 2535 202 2592 si
222 2535 265 2593 vis
286 2544 317 2592 tu
338 2533 406 2604 fieri,
428 2534 525 2592 nullus
537 2534 598 2592 tibi
618 2534 755 2609 parvolus
777 2534 843 2594 aula

177 2633 274 2692 luserit
295 2631 413 2691 Aeneas
433 2651 488 2690 nec
509 2632 567 2690 filia
588 2632 701 2690 dulcior
721 2632 779 2690 illo.

179 2728 351 2813 [iucundum
372 2740 400 2789 et
421 2722 522 2790 carum
543 2731 644 2790 sterilis
664 2729 733 2789 facit
750 2749 828 2789 uxor
848 2727 1000 2811 amicum]

180 2841 220 2890 set
240 2840 290 2889 tua
311 2849 389 2888 nunc
410 2829 529 2907 Mygale
551 2831 643 2906 pariat
664 2830 729 2888 licet
750 2840 779 2888 et
800 2847 906 2905 pueros
927 2839 985 2887 tres

180 2931 208 2988 in
228 2931 373 3007 gremium
393 2930 482 3006 patris
502 2928 607 2987 fundat
628 2928 720 2999 simul,
744 2928 805 3005 ipse
826 2928 943 3004 loquaci

180 3029 316 3104 gaudebit
336 3028 415 3100 nido,
436 3027 558 3085 viridem
580 3026 700 3085 thoraca
720 3028 830 3086 iubebit

180 3127 282 3192 adferri
302 3126 496 3202 minimasque
516 3143 607 3184 nuces
628 3143 781 3200 assemque
803 3132 945 3200 rogatum,

181 3226 215 3284 ad
235 3243 369 3284 mensam
390 3225 524 3301 quotiens
545 3224 686 3300 parasitus
706 3224 815 3282 venerit
836 3221 939 3280 infans.

181 3325 281 3382 vilibus
302 3323 443 3400 ancipites
464 3322 546 3399 fungi
567 3330 712 3398 ponentur
733 3320 843 3389 amicis,

183 3423 290 3482 boletus
312 3421 442 3492 dominc,
464 3431 507 3479 set
528 3420 628 3497 quales
650 3419 789 3479 Claudius
809 3418 869 3475 edit

183 3520 247 3580 ante
266 3520 348 3578 illum
368 3519 475 3590 uxoris,
496 3528 674 3595 postquem
695 3516 735 3574 nil
756 3515 881 3591 amplius
903 3514 971 3572 edit.

184 3617 267 3678 Virro
289 3617 345 3676 sibi
366 3627 395 3675 et
415 3616 533 3692 reliquis
554 3615 728 3676 Virronibus
747 3615 795 3672 illa
815 3613 924 3672 iubebit

185 3733 269 3790 poma
290 3715 360 3786 dari,
381 3732 506 3792 quorum
527 3715 590 3774 solo
611 3714 740 3792 pascaris
761 3712 860 3783 odore,

187 3816 278 3889 qualia
297 3823 457 3892 perpetuus
479 3813 646 3874 Phaeacum
667 3823 824 3888 autumnus
844 3809 977 3880 habebat
