2714 4350
225 314 267 378 80
527 323 567 377 D.
590 322 708 378 IUNII
725 323 960 380 IUVENALIS

225 487 362 562 exiguam
382 495 411 545 et
430 485 562 547 modicae
583 499 730 565 sumptam
752 489 788 548 de
809 489 940 565 margine
962 508 1051 548 cenae

224 603 386 662 purpureus
406 586 506 662 magni
527 587 643 646 ructarit
663 605 762 646 scurra
782 586 883 659 Palati,

223 684 283 741 iam
304 684 438 762 princeps
459 684 598 763 equitum,
618 704 727 763 magna
747 686 798 762 qui
818 703 889 744 voce
911 685 1023 744 solebat

224 781 349 840 vendere
369 783 530 860 municipes
550 782 641 843 fracta
662 783 698 844 de
719 802 815 842 merce
838 783 961 844 siluros?

224 880 330 958 incipe,
353 879 500 958 Calliope!
527 882 593 941 licet
613 891 642 941 et
663 882 833 942 considere:
859 900 920 940 non
945 893 989 941 est

224 978 411 1050 cantandum,
432 997 478 1038 res
499 998 566 1038 vera
586 981 688 1056 agitur,
710 990 833 1050 narrate,
854 981 968 1057 puellae

224 1076 368 1137 Pierides!
392 1078 483 1154 prosit
502 1077 574 1136 mihi
594 1096 647 1137 vos
668 1078 775 1137 dixisse
795 1078 917 1155 puellas,

286 1174 363 1235 Cum
384 1176 443 1234 iam
463 1175 667 1235 semianimum
689 1177 827 1236 laceraret
848 1176 963 1235 Flavius
984 1178 1086 1236 orbem

223 1275 341 1333 ultimus
361 1285 389 1332 et
410 1274 494 1332 calvo
516 1274 632 1333 serviret
653 1274 751 1334 Roma
773 1273 894 1346 Neroni,

224 1373 324 1432 incidit
345 1373 462 1432 Adriaci
484 1373 610 1449 spatium
631 1374 802 1433 admirabile
823 1373 940 1434 rhombi

224 1483 292 1531 ante
313 1471 434 1530 domum
455 1470 586 1543 Veneris,
608 1491 697 1549 quam
718 1472 828 1532 Dorica
844 1473 966 1531 sustinet
986 1473 1103 1544 Ancon,

170 1553 174 1560 ⁶
224 1571 411 1647 implevitque
433 1571 530 1643 sinus;
555 1590 611 1629 nec
632 1571 711 1630 enim
732 1573 828 1630 minor
848 1570 980 1630 haeserat
1001 1570 1065 1643 illis,

224 1687 299 1746 quos
320 1669 413 1746 operit
433 1668 542 1745 glacies
564 1668 713 1729 Maeotica
734 1680 877 1747 ruptaque
898 1669 1019 1729 tandem

225 1767 334 1827 solibus
355 1768 477 1826 effundit
497 1769 633 1828 torrentis
654 1768 692 1828 ad
713 1769 789 1828 ostia
810 1768 895 1827 Ponti

225 1865 335 1928 desidia
355 1867 453 1926 tardos
475 1877 504 1926 et
520 1867 611 1944 longo
632 1867 738 1944 frigore
759 1868 892 1944 pingues

225 1965 349 2024 destinat
369 1964 426 2024 hoc
447 1976 610 2026 monstrum
632 1968 756 2025 cumbae
776 1965 886 2042 linique
907 1965 1046 2040 magister

224 2065 356 2142 pontifici
376 2083 501 2125 summo.
542 2066 608 2143 quis
628 2067 708 2125 enim
729 2083 894 2142 proponere
914 2064 1002 2123 talem

224 2173 275 2222 aut
295 2182 392 2223 emere
413 2164 539 2236 auderet,
561 2183 629 2223 cum
650 2165 738 2241 plena
758 2176 787 2223 et
807 2164 890 2223 litora
910 2161 1001 2221 multo

224 2261 351 2320 delatore
372 2260 486 2320 forent?
510 2262 632 2339 dispersi
653 2263 784 2339 protinus
804 2261 888 2337 algae

225 2359 407 2437 inquisitores
428 2369 548 2436 agerent
568 2379 637 2419 cum
658 2361 768 2438 remige
788 2361 877 2432 nudo,

224 2476 286 2517 non
307 2457 462 2517 dubitaturi
482 2457 633 2535 fugitivum
654 2459 750 2518 dicere
770 2459 883 2536 piscem

225 2557 437 2634 depastumque
459 2557 509 2616 diu
528 2557 634 2615 vivaria
651 2557 795 2629 Caesaris,
816 2557 884 2616 inde

224 2656 364 2734 elapsum,
385 2664 511 2714 veterem
532 2655 569 2714 ad
590 2655 743 2735 dominum
765 2656 872 2715 debere
892 2654 1002 2714 reverti.

224 2756 249 2815 si
270 2754 341 2833 quid
361 2753 496 2826 Palfurio,
518 2754 542 2812 si
563 2753 706 2813 credimus
726 2753 890 2826 Armillato,
984 2752 986 2758 ⁴

161 2901 166 2908 .
225 2854 366 2933 quidquid
387 2854 579 2931 conspicuum
599 2853 811 2931 pulchrumque
832 2862 876 2911 est
896 2869 1023 2928 aequore
1045 2860 1117 2925 tote,

223 2973 270 3015 res
291 2953 354 3013 fisci
375 2963 427 3024 est,
448 2953 624 3030 ubicumque
644 2963 742 3011 natat:
769 2952 921 3011 donabitur
941 2969 1021 3026 erg0,

224 3071 262 3112 ne
283 3061 391 3129 pereat,
432 3052 492 3112 iam
512 3050 622 3110 letifero
644 3051 765 3110 cedente
786 3049 896 3126 pruinis

223 3160 373 3223 autumn0,
394 3151 452 3210 iam
473 3160 645 3228 quartanam
665 3149 846 3227 sperantibus
867 3147 969 3223 aegris,

224 3249 361 3308 stridebat
381 3249 517 3309 deformis
537 3248 629 3308 hiems
650 3247 848 3325 praedamque
868 3254 1013 3304 recentem

224 3349 373 3406 servabat:
397 3358 495 3407 tamen
516 3347 565 3407 hic
586 3355 731 3424 properat,
748 3345 824 3404 velut
845 3352 967 3420 urgueat
989 3351 1093 3403 auster.

222 3457 311 3524 utque
332 3446 412 3505 lacus
433 3448 578 3520 suberant,
599 3446 650 3505 ubi
670 3462 849 3523 quamquam
869 3443 962 3502 diruta
983 3453 1075 3502 servat

221 3545 320 3621 ignem
342 3544 505 3605 Troianum
525 3555 554 3605 et
575 3544 696 3604 Vestam
717 3542 784 3602 colit
804 3542 881 3601 Alba
901 3542 1056 3613 minorem,

222 3643 332 3702 obstitit
352 3643 468 3702 intranti
488 3643 616 3702 miratrix
637 3644 723 3702 turba
743 3659 914 3719 parumper;

221 3750 255 3800 ut
275 3740 369 3812 cessit,
392 3740 470 3800 facili
489 3750 645 3817 patuerunt
666 3739 784 3799 cardine
804 3739 919 3811 valvae;

221 3839 332 3900 exclusi
352 3848 486 3918 spectant
506 3838 634 3898 admissa
653 3839 778 3899 obsonia
797 3847 902 3915 patres.
940 3890 941 3893 ,
