2714 4350
225 317 287 402 136
358 375 364 388 .
547 324 585 381 n.
608 324 725 380 rurvrr
742 324 981 380 IUVENALIS.

223 505 243 546 o
264 485 376 563 puerii’
419 484 538 545 Marsus
559 486 673 546 dicebat
694 497 722 547 et
743 485 890 546 Hernicus
911 487 981 547 olim

224 585 419 662 Vestinusque
440 604 528 644 senex
551 591 675 662 ‘panem
696 604 870 662 quaeramus
891 597 995 658 aratro,

224 685 275 761 qui
297 683 365 742 satis
385 693 429 741 est
449 684 566 742 mensis.
612 683 731 741 laudant
751 683 809 742 hoc
830 684 951 742 numina
971 685 1054 757 ruris,

223 800 349 859 quorum
369 800 426 858 ope
447 793 477 841 et
496 782 604 841 auxilio
624 793 724 858 gratae
745 792 813 858 post
834 801 941 841 munus
962 785 1066 844 aristae

224 882 398 957 contingunt
418 880 530 938 homini
551 881 652 939 veteris
673 879 788 938 fastidia
809 899 943 961 quercus.

224 981 264 1038 nil
285 980 405 1039 vetitum
425 978 528 1038 fecisse
549 978 635 1047 volet,
657 996 746 1055 quem
767 997 829 1038 non
850 980 941 1056 pudet
962 980 1022 1040 alto

224 1098 277 1156 per
296 1078 421 1154 glaciem
442 1095 553 1153 perone
574 1077 641 1152 tegi,
663 1078 713 1153 qui
735 1090 899 1139 summovet
920 1098 1006 1139 euros

225 1177 347 1254 pellibus
370 1177 506 1246 inversis;
528 1176 681 1252 peregrina
703 1177 862 1253 ignotaque
883 1179 968 1236 nobis

225 1276 263 1334 ad
284 1276 377 1335 scelus
398 1285 486 1352 atque
508 1274 597 1346 nefas
620 1292 823 1352 quaecumque
846 1286 898 1347 est,
920 1295 1048 1354 purpura
1070 1279 1166 1337 ducit?

225 1373 298 1432 haec
320 1374 359 1432 illi
379 1383 490 1432 veteres
512 1382 667 1449 praecepta
689 1373 859 1434 minoribus.
903 1384 932 1433 at
953 1393 1032 1435 nunc

225 1482 291 1549 post
312 1472 402 1530 finem
423 1471 555 1529 autumni
575 1471 671 1529 media
692 1470 728 1529 de
749 1481 835 1531 nocte
856 1473 994 1549 supinum

225 1571 370 1630 clamosus
392 1570 526 1628 iuvenem
546 1578 629 1646 pater
648 1569 772 1628 excitat:
797 1571 914 1647 ‘accipe
936 1590 1025 1644 ceras,

225 1670 327 1740 scribe,
349 1687 428 1745 puer,
451 1667 545 1744 vigila,
568 1686 671 1726 causas
692 1687 757 1744 age,
779 1669 896 1745 perlege
917 1671 1019 1729 rubras

225 1768 370 1826 maiorum
391 1766 471 1842 leges
493 1776 541 1824 aut
563 1766 650 1825 vitem
670 1785 761 1843 posce
783 1766 889 1826 libello

196 1874 199 1879 '
224 1866 278 1926 sed
299 1875 387 1942 caput
407 1865 548 1923 intactum
568 1865 648 1923 buxo
670 1882 812 1941 naresque
833 1864 942 1941 pilosas

226 1964 346 2023 adnotet
367 1974 395 2023 et
416 1965 541 2039 grandes
562 1964 680 2022 miretur
700 1962 816 2022 Laelius
837 1963 908 2022 alas.

227 2063 307 2121 dirue
329 2062 501 2122 Maurorum
522 2063 653 2139 attegias,
674 2062 791 2121 castella
812 2061 993 2139 Brigantum,

226 2170 259 2218 ut
279 2160 455 2237 locupletem
477 2161 606 2238 aquilam
627 2161 679 2219 tibi
701 2161 900 2235 sexagesimus
921 2180 1016 2220 annus

227 2258 353 2330 adferat;
375 2268 433 2330 aut,
454 2258 560 2334 longos
582 2270 743 2317 castrorum
764 2258 837 2317 serre
859 2259 973 2319 labores

227 2358 251 2415 si
273 2357 352 2433 piget
373 2366 402 2415 et
423 2357 568 2433 trepidum
591 2357 706 2416 solvunt
726 2357 778 2414 tibi
800 2376 911 2416 cornua
931 2367 1062 2418 ventrem

228 2473 296 2514 cum
317 2455 393 2513 lituis
414 2455 520 2527 audita,
541 2473 626 2531 pares
648 2455 727 2532 quod
748 2456 873 2515 vendere
894 2457 989 2533 possis

228 2554 317 2632 pluris
338 2553 468 2624 dimidio,
490 2572 545 2612 nee
566 2562 594 2611 te
615 2553 730 2613 fastidia
750 2555 855 2613 mercis

228 2653 315 2711 ullius
335 2653 458 2710 subeant
479 2652 660 2727 ablegandae
682 2652 813 2710 Tiberim
834 2653 909 2711 ultra

228 2771 287 2810 neu
308 2750 409 2809 credas
430 2751 601 2827 ponendum
622 2751 730 2828 aliquid
751 2751 924 2810 discriminis
944 2751 1019 2810 inter

228 2861 376 2927 unguenta
397 2860 426 2908 et
447 2850 567 2908 corium.
602 2848 674 2907 lucri
694 2850 789 2908 bonus
810 2859 853 2908 est
874 2850 948 2909 odor
968 2869 1005 2909 ex
1026 2871 1056 2911 re

229 2950 364 3026 qualibet.
401 2947 450 3007 illa
471 2958 521 3006 tuo
542 2948 685 3006 sententia
707 2965 822 3024 semper
843 2948 874 3005 in
895 2966 945 3007 ore

230 3056 367 3117 versetur,
390 3046 434 3104 dis
455 3055 544 3123 atque
565 3046 629 3121 ipso
651 3044 720 3104 Iove
741 3046 830 3121 digna
851 3055 947 3123 poeta,

228 3145 334 3204 “unde
356 3145 472 3214 habeas
494 3144 606 3221 quaerit
627 3161 723 3214 nem0,
746 3143 797 3202 sed
818 3154 933 3220 oportet
954 3144 1107 3206 habere.'''

229 3240 301 3324 [hoc
319 3253 483 3302 monstrant
503 3242 614 3301 vetulae
636 3242 733 3318 pueris
754 3244 922 3318 repentibus
943 3262 1036 3315 assae,

228 3340 285 3399 hoc
308 3341 421 3399 discunt
442 3359 545 3399 omnes
567 3351 633 3399 ante
655 3341 742 3417 alpha
763 3352 792 3399 et
812 3341 880 3399 beta
901 3342 1016 3417 puellae
1026 3337 1048 3423 l]

228 3438 334 3497 talibus
354 3438 508 3496 instantem
529 3439 647 3497 monitis
668 3456 884 3515 quemcumque
905 3450 1058 3514 parentem

230 3520 272 3594 sic
292 3551 411 3611 possem
431 3533 539 3594 adfari:
562 3536 636 3605 ‘dic,
658 3553 677 3594 o
698 3536 862 3607 vanissime,
884 3536 949 3613 quis
970 3546 1000 3596 te

230 3632 364 3690 festinare
385 3632 484 3690 iubet?
505 3634 655 3692 meliorem
676 3644 792 3710 praesto
813 3634 955 3710 magistro
1022 3703 1033 3716 ,

230 3728 414 3806 discipulum.
450 3748 567 3789 securus
588 3732 644 3804 abi,
665 3732 796 3804 vinceris,
816 3741 849 3790 ut
868 3733 947 3790 Aiax

231 3827 376 3904 praeteriit
397 3827 599 3901 Telamonem,
622 3840 654 3887 ut
674 3829 761 3889 Pelea
781 3830 848 3889 vicit
868 3829 1005 3890 Achilles.
