2714 4350
176 345 238 403 '114
475 335 515 389 D.
537 335 655 390 IUNII
671 334 908 391 IUVENALIS

658 689 733 764 XI.

174 901 306 961 Arrrcus
327 902 431 960 eximie
453 902 477 960 si
497 911 591 974 cenat,
613 902 706 961 lautus
728 903 850 961 habetur
860 922 869 976 ;

173 1000 198 1057 si
220 998 343 1072 Rutilus,
365 1000 496 1061 demens.
539 1002 610 1078 quid
631 1004 710 1061 enim
731 1003 841 1063 maiore
863 1002 1008 1062 cachinno

174 1098 314 1175 excipitur
334 1099 420 1176 vulgi,
440 1119 531 1177 quam
552 1118 663 1178 pauper
683 1101 830 1177 Apicius?¹
844 1103 939 1160 omnis

174 1198 325 1257 convictus
344 1197 474 1257 thermae
496 1199 643 1269 stationes,
664 1199 917 1257 omne'theatrum

175 1295 212 1353 de
233 1294 339 1354 Rutilo.
380 1313 451 1354 nam
472 1295 542 1355 dum
562 1296 657 1354 valida
678 1314 712 1355 ac
733 1296 875 1355 iuvenalia
897 1298 1031 1356 membra

175 1393 321 1452 sufficiunt
342 1394 442 1470 galeae
463 1394 591 1472 dumque
612 1395 716 1453 ardent
737 1397 887 1471 sanguine,
910 1395 999 1454 fertur

174 1511 235 1551 non
256 1502 380 1569 cogente
401 1493 529 1571 quidem,
551 1493 603 1551 sed
624 1511 680 1551 nec
702 1493 874 1570 prohibente
895 1495 1013 1554 tribuno

175 1593 332 1668 scripturus
354 1592 431 1668 leges
452 1601 482 1650 et
503 1591 583 1668 regia
603 1592 691 1650 verba
711 1591 840 1651 lanistae.

173 1690 282 1749 multos
303 1707 391 1766 porro
413 1690 500 1761 vides,
522 1708 596 1767 quos
618 1708 704 1766 saepe
725 1690 822 1749 elusus
842 1690 881 1748 ad
901 1691 1002 1767 ipsum·
1077 1710 1078 1714 ¹

175 1789 299 1848 creditor
319 1789 465 1846 introitum
487 1789 560 1848 solet
580 1799 750 1866 exspectare
771 1789 894 1860 macelli,

175 1898 204 1946 et
224 1888 329 1964 quibus
350 1888 380 1944 in
401 1888 465 1947 solo
486 1887 601 1946 vivendi
623 1905 711 1946 eausa
731 1886 830 1964 palato
852 1897 904 1946 est.

176 1987 308 2062 egregius
330 1997 414 2045 cenat
434 1986 593 2063 meliusque
615 1987 795 2045 miserrimus
814 1985 932 2045 homm'

174 2095 204 2143 et
225 2085 283 2144 cito
304 2103 422 2144 casurus
443 2086 503 2143 iam
523 2085 688 2161 perlucente
709 2086 801 2144 mina.

175 2184 284 2241 interea
304 2193 406 2258 gustus
427 2183 570 2242 elementa
590 2202 643 2260 per
664 2184 764 2243 omnia
785 2192 928 2260 quaemnt

175 2299 336 2358 numquam
358 2282 457 2340 animo
477 2282 576 2357 pretiis
598 2282 781 2358 opstantibus
792 2300 807 2353 ς·
821 2281 940 2339 interius
961 2281 987 2339 si

177 2380 317 2451 attendas,
339 2381 433 2455 magis
453 2380 501 2438 illa
521 2381 627 2451 iuvant,
649 2398 725 2456 quae
747 2379 836 2456 pluris
858 2389 1002 2439 emuntur.

177 2495 247 2552 ergo
268 2477 337 2536 haut
358 2478 471 2537 difficile
492 2489 535 2536 est
556 2480 712 2555 perituram
734 2496 878 2538 arcessere
901 2496 1048 2537 summam

177 2578 307 2635 lancibus
328 2578 466 2654 oppositis
487 2577 650 2637 velmatris
671 2578 799 2653 imagine
820 2576 918 2648 fracta,

178 2690 206 2734 et
227 2676 445 2753 quadringentis
466 2678 594 2736 nummis
615 2676 734 2737 condire
755 2675 892 2753 gulosum

178 2775 280 2834 fictile:
302 2776 343 2834 sic
365 2777 486 2834 veniunt·
502 2776 546 2834 ad·
562 2775 746 2834 miscellanea
767 2775 835 2834 ludi.

178 2874 264 2934 refert
285 2892 365 2950 ergo,
387 2874 451 2951 quis
472 2875 544 2933 haec
565 2874 668 2932 eadem
689 2884 790 2950 paret:
812 2874 843 2932 in
864 2872 963 2933 Rutilo
985 2892 1055 2932 nam

179 2974 292 3033 luxuria
313 2984 365 3045 est,
387 2974 418 3030 in
438 2972 577 3031 Ventidio
599 2973 742 3031 laudabile
763 2992 873 3033 nomen

179 3072 267 3130 sumit
288 3081 355 3129 eta
377 3089 466 3130 censu
486 3070 596 3128 famam
616 3070 711 3130 trahit.
754 3071 835 3129 illum
856 3089 912 3147 ego
934 3071 995 3131 iure

178 3169 344 3246 despiciam,
367 3171 417 3246 qui
438 3170 500 3240 scit,
522 3178 632 3245 quanto
654 3169 802 3229 sublimior
822 3169 906 3229 Atlas

177 3268 316 3327 omnibus
336 3268 367 3325 in
388 3267 481 3344 Libya
502 3268 715 3342 sumentibus,
736 3268 783 3327 hic
804 3278 903 3327 tamen
924 3268 1002 3330 idem

179 3364 302 3442 ignoret,
324 3375 465 3442 quantum
485 3364 589 3424 serrata
610 3365 695 3425 distet
715 3367 754 3425 ab
774 3385 842 3426 arca

179 3463 321 3522 sacculus.
362 3482 379 3521 e
400 3463 482 3522 caelo
503 3449 652 3522 de'scendit
672 3467 752 3538 γνῶθι
772 3469 889 3537 σεαυτόν,

180 3560 330 3636 figendum
350 3571 379 3619 et
399 3563 522 3620 memori
543 3562 727 3621 tractandum
747 3575 875 3639 pectore,
896 3563 956 3623 sive

181 3659 349 3734 coniugium
370 3677 493 3735 quaeras
513 3659 559 3718 vel
579 3660 653 3718 sacri
674 3661 705 3718 in
722 3671 804 3737 parte
825 3671 942 3720 senatus

180 3775 244 3816 esse
266 3757 351 3830 velis;
373 3759 568 3834 nequeenim
589 3758 708 3818 loricam
728 3760 823 3836 poscit
842 3758 962 3819 Achillis

182 3851 339 3925 Thersites
362 3851 392 3909 in
414 3869 472 3929 qua
493 3870 524 3911 se
545 3852 751 3915 transducebat
773 3853 891 3926 Ulixes3
