2714 4350
204 347 245 414 72
517 338 558 395 u.
580 337 697 392 rurvrr
713 337 947 401 IUVENALJS

203 504 280 561 vexit
300 513 330 562 et
351 503 388 562 ad
411 502 519 561 circum
540 502 633 560 iussas
654 512 783 578 prostare
804 501 931 578 puellas:

202 603 326 661 rusticus
347 601 393 659 ille
414 611 481 659 tuus
502 601 589 659 sumit
609 600 806 678 trechedipna‚
829 599 960 672 Quirine,

203 710 232 759 et
253 699 429 760 ceromatico
450 698 505 757 fert
525 699 663 758 niceteria
684 700 775 758 collol

203 799 250 858 hic
272 799 328 857 alta
351 799 483 874 Sicyone,
506 807 551 856 ast
571 797 618 856 hic
640 797 796 874 Amydone
818 797 924 869 relicta,

203 897 251 955 hic
272 896 385 966 Andro,
407 896 454 954 ille
477 896 574 966 Samo,
596 896 643 955 hic
665 894 812 954 Trallibus
834 905 883 954 aut
903 895 1073 968 Alabandis

204 996 348 1072 Esquilias
370 996 539 1072 dictumque
560 1004 663 1071 petunt
683 1013 701 1052 a
721 994 828 1052 vimine
850 993 963 1064 collem,
1043 990 1046 997 ’

203 1095 315 1153 viscera
335 1111 509 1169 magnarum
530 1093 672 1151 domuum
693 1092 862 1170 dominique
883 1091 978 1151 futuri.

204 1183 354 1267 ingenium
375 1191 468 1260 velox,
490 1188 611 1248 audacia
627 1189 745 1266 perdita,
767 1208 863 1249 sermo

204 1300 357 1366 promptus
378 1298 406 1346 et
427 1289 511 1347 Isaeo
532 1289 695 1348 torrentior.
738 1289 801 1360 ede,
822 1288 893 1366 quid
913 1289 993 1346 illum

204 1407 267 1447 esse
288 1387 391 1464 putes?
420 1386 571 1464 quemvis
593 1385 743 1445 hominem
764 1405 864 1446 secum
885 1387 977 1445 attulit
998 1387 1036 1446 ad
1057 1406 1128 1447 nos:

205 1487 410 1564 grammaticus
432 1485 528 1544 rhetor
549 1495 716 1576 geometres
733 1485 827 1561 pictor
848 1485 948 1562 aliptes
1107 1558 1114 1575 x

206 1605 298 1663 augur
319 1584 532 1643 schoenobates
554 1584 684 1643 medicus
705 1601 818 1661 magne,
839 1585 940 1643 omnia
960 1586 1040 1644 novit
1114 1576 1145 1649 ‘a

206 1682 366 1742 Graeculus
387 1684 531 1741 esuriens:
561 1683 592 1740 in
613 1682 733 1753 caelum,
754 1682 875 1754 miseriS,
896 1684 955 1741 ibit.

205 1783 235 1840 in
250 1769 380 1853 summa,
402 1800 464 1840 non
485 1781 606 1840 Maurus
628 1792 689 1840 erat
710 1799 806 1857 neque
829 1780 961 1843 Sarmata
981 1802 1037 1842 nec
1058 1782 1171 1853 Thrax,

206 1881 256 1956 qui
279 1880 402 1956 sumpsit
422 1879 537 1956 pinnas,
558 1879 661 1938 mediis
682 1879 734 1938 sed
755 1890 842 1938 natus
863 1880 994 1941 Athenis

205 1979 310 2037 horum
331 1996 389 2053 ego
410 1996 471 2036 non
493 1978 602 2055 fugiam
623 1978 795 2054 conchylia?
823 1996 871 2038 me
892 1981 972 2056 prior
992 1981 1039 2039 ille

131 2147 135 2155 Ι
206 2076 331 2151 signabit
352 2074 496 2152 fultusque
517 2086 582 2135 toro
603 2075 722 2134 meliore
742 2078 900 2147 recumbet,

206 2173 342 2232 advectus
364 2173 491 2233 Romam
513 2192 571 2251 quo
592 2193 685 2251 pruna
706 2183 735 2232 et
755 2184 873 2233 cottona
894 2177 999 2235 vento?

206 2288 299 2347 usquc
320 2271 394 2330 adeo
414 2270 485 2328 nihil
506 2281 558 2344 est,
580 2272 661 2349 quod
682 2283 781 2332 nostra
801 2272 921 2332 infantia
942 2276 1055 2334 caelum

206 2369 303 2428 hausit
322 2369 459 2427 Aventini
479 2371 553 2428 baca
574 2372 679 2429 nutrita
701 2371 829 2430 Sabina?

207 2468 278 2546 quid
299 2468 380 2544 quod
400 2467 537 2527 adulandi
558 2487 631 2544 gens
651 2470 875 2546 prudentissima
895 2470 993 2531 laudat

207 2583 373 2625 sermonem
393 2565 510 2637 indocti,
531 2565 635 2626 faciem
656 2567 792 2627 deformis
813 2570 908 2641 amici,
1012 2643 1019 2657 .

207 2676 236 2724 et
256 2665 377 2741 longum
399 2665 515 2724 invalidi
537 2666 645 2724 collum
661 2667 821 2726 cervicibus
843 2677 949 2745 aequat

208 2762 345 2823 Herculis
366 2764 512 2823 Antaeum
532 2765 634 2842 procul
655 2785 673 2824 a
694 2766 793 2825 tellure
814 2767 947 2838 tenentis

207 2862 326 2920 miratur
347 2880 449 2922 vocem
470 2873 630 2939 angustam,
653 2882 711 2940 qua
732 2863 857 2923 deterius
879 2883 934 2924 nec

207 2960 254 3019 ille
275 2970 368 3031 sonat,
389 2978 448 3036 quo
469 2960 616 3018 mordetur
637 2961 744 3036 gallina
765 2963 889 3021 marito?

207 3059 280 3118 haec
302 3059 406 3117 eadem
427 3058 493 3117 licet
514 3068 542 3117 et
563 3060 648 3118 nobis
668 3059 803 3132 laudare;
827 3062 880 3120 sed
901 3061 955 3120 illis

208 3157 339 3216 creditur.
382 3174 420 3215 an
441 3156 553 3226 melior,
576 3175 644 3215 cum
666 3157 782 3216 Thaida
803 3160 925 3218 sustinet
946 3169 995 3218 aut
1016 3178 1083 3219 cum

208 3272 330 3313 uxorem
352 3255 510 3314 comoedus
531 3244 590 3330 agit
611 3255 655 3314 vel
676 3255 789 3315 Dorida
810 3257 890 3316 nullo

209 3352 316 3411 cultam
337 3353 474 3429 palliolo?
500 3353 603 3411 mulier
623 3371 731 3430 nempe
752 3355 815 3430 ipsa
834 3355 955 3416 videtur.

209 3468 264 3506 nec
284 3460 383 3508 tamen
405 3451 577 3523 AntiochuS,
599 3471 654 3510 nec
674 3453 726 3510 erit
747 3453 885 3512 mirabilis
906 3455 963 3514 illic

210 3557 259 3605 aut
281 3547 437 3608 Stratocles
459 3560 508 3608 aut
529 3568 598 3609 cum
619 3551 699 3610 molli
720 3550 885 3611 Demetrius
907 3552 1044 3612 Haemo:

210 3646 289 3704 natio
310 3650 452 3707 comoeda
472 3658 523 3708 est.
565 3650 650 3721 rideS,
672 3651 782 3711 maiore
802 3651 947 3711 cachinno

210 3744 388 3818 concutitur;
417 3745 473 3819 flet,
496 3748 520 3805 si
540 3748 674 3807 lacrimas
695 3750 848 3826 conspexit
868 3750 963 3822 amici,

210 3861 265 3902 nec
286 3843 380 3916 dolet3
409 3846 568 3921 igniculum
589 3846 710 3906 brumae
731 3847 755 3904 si
776 3856 908 3923 tempore
928 3866 1043 3926 poscas,
