2714 4350
221 334 283 392 144
531 322 571 378 D.
593 320 711 376 IUNII
728 321 963 377 IUVENALIS

219 507 277 565 qua
298 505 352 546 nec
373 487 511 546 terribiles
532 487 644 546 Cimbri
664 505 718 545 nec
739 485 873 547 Britones
893 503 1035 563 umquam

220 585 465 662 Sauromataeque
486 596 582 645 truces
603 596 652 645 aut
673 587 816 644 immanes
836 584 1002 661 Agathyrsi,

219 686 274 743 hac
296 686 384 744 saevit
404 687 482 744 rabie
504 685 608 744 inbelle
630 694 658 744 et
680 685 779 743 inutile
800 684 911 759 vulgus,

219 784 338 860 parvula
358 784 492 843 fictilibus
513 784 629 844 solitum
650 785 719 843 dare
740 783 803 843 vela
823 784 950 860 phaselis

220 893 249 940 et
270 884 403 941 brevibus
423 884 519 961 pictae
540 885 626 942 remis
647 883 817 942 incumbere
838 893 937 943 testae.

221 1000 276 1040 nec
298 1000 426 1058 poenam
448 982 548 1040 sceleri
569 982 706 1054 invenies
730 1001 785 1040 nee
806 981 896 1058 digna
917 982 1035 1058 parabis

221 1081 360 1158 supplicia
380 1081 425 1139 his
446 1081 569 1158 populis,
590 1081 621 1139 in
643 1099 770 1157 quorum
790 1089 889 1139 mente
909 1099 992 1157 pares
1014 1090 1080 1138 sunt

221 1191 250 1238 et
271 1179 377 1239 similes
398 1180 440 1238 ira
461 1189 548 1256 atque
569 1179 669 1238 fames.
712 1179 880 1238 mollissima
902 1179 993 1238 corda

222 1278 352 1336 humano
373 1279 472 1353 generi
495 1279 564 1337 dare
585 1296 615 1336 se
637 1287 738 1336 natura
760 1277 874 1349 fatetur,

223 1395 297 1453 quae
318 1377 451 1436 lacrimas
473 1377 569 1449 dedit;
592 1377 665 1436 haec
685 1376 776 1436 nostri
798 1395 866 1454 pars
887 1376 998 1454 optima
1019 1394 1130 1435 sensus.

221 1477 336 1552 plorare
358 1495 427 1552 ergo
449 1477 528 1535 iubet
549 1493 666 1535 causam
688 1475 809 1534 dicentis
831 1476 917 1534 amici

222 1575 444 1652 squaloremque
464 1575 513 1647 rei,
536 1574 678 1651 pupillum
698 1573 736 1632 ad
757 1575 819 1632 iura
839 1584 993 1634 vocantem

223 1674 509 1749 circumscriptorem,
531 1674 612 1732 cuius
633 1673 783 1731 manantia
803 1672 872 1731 fletu
989 1671 992 1676 ’

223 1792 274 1831 ora
295 1773 435 1849 puellares
455 1770 566 1830 faciunt
585 1771 694 1831 incerta
715 1772 818 1848 capilli.

223 1881 343 1930 naturae
364 1871 485 1947 imperio
505 1871 659 1946 gemimus,
681 1889 772 1947 quum
794 1870 881 1928 funus
903 1870 1018 1929 adultae

224 1971 341 2047 virginis
363 1970 486 2028 occurrit
507 1969 552 2028 vel
572 1979 647 2028 terra
669 1969 810 2029 clauditur
831 1968 927 2028 inians

224 2078 253 2126 et
274 2070 369 2127 minor
389 2069 457 2144 igne
476 2070 549 2145 rogi.
591 2069 656 2146 quis
677 2069 756 2127 enim
777 2069 872 2127 bonus
893 2077 922 2126 et
943 2067 1010 2127 face
1029 2068 1135 2144 dignus

225 2185 340 2238 arcana,
362 2166 477 2243 qualern
499 2166 612 2226 Cereris
632 2167 692 2224 vult
712 2184 776 2224 esse
797 2165 942 2238 sacerdos

226 2264 284 2323 ulla
305 2266 398 2323 aliena
419 2265 473 2322 sibi
494 2264 586 2324 credit
607 2264 703 2323 mala?
736 2273 848 2341 separat
868 2263 925 2323 hoc
947 2280 1003 2322 nos

226 2381 244 2419 a
264 2381 352 2438 grege
374 2371 530 2433 mutorum,
553 2372 639 2440 atque
661 2363 729 2422 ideo
750 2362 914 2438 venerabile
935 2361 987 2422 soli
1078 2346 1079 2349 Ἴ

227 2462 319 2520 sortiti
340 2461 489 2536 ingenium
510 2462 732 2539 divinorumque
753 2479 876 2537 capaces

227 2570 315 2637 atque
336 2560 506 2618 exercendis
527 2560 734 2638 capiendisque
755 2561 863 2618 artibus
884 2559 944 2635 apti

228 2676 347 2718 sensum
367 2675 385 2716 a
406 2657 523 2717 caelesti
545 2658 704 2718 demissum
725 2658 866 2716 traximus
888 2675 967 2728 arce,

219 2759 308 2816 ‘cuius
329 2766 417 2834 egent
437 2776 531 2833 prona
551 2767 579 2816 et
599 2767 706 2815 terram
727 2747 893 2833 spe'ctantia
937 2755 1039 2814 mundi

227 2859 370 2935 principio
392 2856 509 2915 indulsit
531 2857 695 2915 communis
716 2855 850 2914 conditor
870 2854 925 2913 illis

228 2968 341 3016 tantum
362 2955 484 3025 animas,
506 2955 591 3014 nobis
612 2955 743 3013 animum
765 2971 893 3030 quoque,
914 2963 1030 3013 mutuus
1051 2964 1082 3012 ut
1104 2972 1160 3013 nos

228 3055 358 3114 adfectus
378 3037 475 3130 petere
496 3054 635 3111 auxilium
656 3062 685 3111 et
705 3062 849 3129 praestare
871 3052 988 3124 iuberet,

231 3156 375 3230 dispersos
396 3152 508 3210 trahere
529 3152 560 3210 in
580 3151 729 3229 populum,
751 3151 877 3227 migrare
898 3161 1010 3211 vetusto

229 3254 266 3312 de
281 3269 407 3312 nemore
427 3260 456 3309 et
476 3252 591 3328 proavis
612 3251 755 3309 habitatas
776 3250 906 3326 linquere
928 3251 1021 3322 silvas,

230 3351 382 3412 aedificare
403 3350 516 3423 domos
539 3350 647 3409 laribus
668 3351 847 3425 coniungere
868 3351 973 3408 nostris

230 3461 340 3510 tectum
361 3449 447 3520 aliud,
464 3459 544 3508 tutos
564 3451 659 3509 vicino
680 3450 780 3508 limine
801 3466 923 3509 somnos

231 3564 269 3609 ut.
284 3547 398 3607 conlata
419 3548 500 3606 daret
521 3547 633 3622 fiducia,
656 3559 809 3624 protegere
830 3548 917 3606 armis
994 3614 996 3619 y

231 3648 346 3724 lapsum
366 3655 416 3703 aut
437 3647 545 3720 ingenti
566 3656 717 3706 nutantem
738 3647 855 3705 vulnere
876 3647 978 3717 civem,

233 3745 382 3806 communi
403 3744 473 3803 dare
493 3745 577 3819 signa
598 3746 675 3817 tuba,
697 3744 845 3805 defendier
865 3744 960 3804 isdem

233 3844 357 3903 turribus
378 3852 465 3919 atque
486 3861 545 3901 una
565 3853 715 3921 portarum
736 3843 817 3906 clave
838 3844 930 3904 teneri
