2714 4350
466 301 634 356 SATURA
658 301 869 358 JV.100-V.
890 312 939 358 11.

172 478 305 544 tempore
326 465 395 536 iam,
418 466 534 538 Caesar,
556 466 636 542 figuli
658 476 707 525 tua
729 476 824 525 castra
845 465 1020 544 sequantur?

173 567 240 624 vicit
262 565 352 642 dig'na
372 565 433 624 viro
454 566 613 625 sententia:
639 574 758 624 noverat
779 565 826 623 ille

172 664 318 722 luxuriam
339 664 442 740 inperii
462 673 589 721 veterem
609 673 770 740 noctesque
792 662 920 722 Neronis

173 764 232 823 iam
253 761 367 822 medias
388 762 532 839 aliamque
553 761 670 834 famem,
692 781 760 822 cum
782 763 884 839 pulmo
906 763 1030 823 Falerno

173 861 295 920 arderet.
337 861 408 919 nulli
430 861 523 919 maior
543 860 596 918 fuit
616 879 687 920 usus
708 861 814 920 edendi

173 959 344 1037 tempestate
364 978 449 1019 mea:
477 959 587 1018 Circeis
608 970 677 1019 nata
698 960 792 1042 forent
814 980 852 1018 an

173 1058 334 1118 Lucrinum
356 1058 394 1117 ad
415 1076 519 1116 saxum
541 1048 729 1136 Rutupinove
751 1061 829 1118 edita
849 1060 940 1119 fundo

173 1167 278 1229 ostrea,
300 1157 423 1215 callebat
443 1159 539 1233 primo
561 1156 758 1233 depraendere
780 1176 898 1231 morsu3

173 1267 201 1315 et
222 1255 313 1314 semel
335 1255 444 1332 aspecti
464 1255 532 1313 litus
553 1255 668 1314 dicebat
689 1257 793 1315 echini.

174 1355 308 1430 surgitur,
329 1363 359 1412 et
380 1355 471 1412 misso
491 1369 626 1430 proceres
649 1354 727 1413 exire
749 1355 883 1414 iubentur

174 1451 305 1525 consilio,
328 1471 403 1530 quos
423 1453 570 1511 Albanam
591 1452 652 1510 dux
673 1472 799 1531 magnus
821 1455 852 1512 in
872 1472 971 1513 arcem

173 1562 299 1610 traxerat
319 1553 457 1611 attonitos
477 1562 506 1610 et
525 1551 660 1611 festinare
681 1564 808 1625 coactos

173 1661 325 1726 tamquam
346 1649 382 1708 de
404 1649 497 1709 Cattis
518 1650 626 1727 aliquid
646 1651 792 1728 torvisque
815 1650 981 1727 Sycambris

174 1747 310 1820 dicturus,
332 1759 483 1824 tamquam
503 1768 541 1807 ex
562 1749 681 1807 diversis
701 1750 833 1825 partibus
853 1751 932 1809 orbis

174 1847 262 1906 anxia
283 1848 432 1924 praecipiti
453 1849 577 1908 venisset
598 1849 723 1924 epistula
743 1849 842 1925 pinna.

234 1947 333 2025 Atque
354 1948 466 2005 utinam
486 1946 530 2005 his
551 1948 650 2024 potius
670 1948 756 2024 nugis
776 1957 838 2005 tota
859 1947 907 2005 illa
928 1947 1052 2007 dedisset

173 2055 307 2122 tempora
328 2045 472 2117 saevitiae,
494 2046 589 2105 claras
612 2046 717 2123 quibus
739 2046 853 2105 abstulit
873 2046 937 2104 urbi

174 2144 365 2221 inlustresque
387 2145 499 2202 animas
520 2145 640 2220 impune
662 2153 691 2202 et
711 2144 825 2203 vindice
846 2145 944 2203 nullol

174 2242 224 2302 sed
246 2243 338 2319 periit,
359 2251 516 2320 postquam
538 2241 723 2301 Cerdonibus
744 2261 807 2302 esse
829 2243 976 2302 timendus

174 2351 324 2419 coeperat:
350 2340 407 2400 hoc
429 2342 529 2400 nocuit
550 2341 719 2400 Lamiarum
741 2342 831 2401 caede
852 2343 988 2402 madenti.

688 2649 736 2725 V.

175 2836 206 2895 S1
227 2846 255 2896 te
275 2835 422 2913 propositi
442 2832 575 2896 noridum
595 2836 684 2913 pudet
705 2847 792 2912 atque
813 2836 918 2895 eadem
938 2846 980 2896 est
1002 2854 1094 2908 mens,

173 2945 203 2994 ut
223 2936 303 2994 bona
325 2953 440 2994 summa
461 2946 545 3013 putes
566 2935 661 2994 aliena
681 2934 773 2994 vivere
795 2934 923 3010 quadra:

174 3034 197 3091 si
217 3043 300 3110 potes
321 3034 370 3092 illa
390 3033 460 3110 pati,
482 3052 556 3111 quae
577 3052 633 3092 nec
655 3033 826 3092 Sarmentus
847 3033 962 3109 iniquas

174 3130 307 3192 Caesaris
329 3132 367 3191 ad
388 3151 504 3192 mensas
525 3151 580 3192 nec
599 3132 663 3190 vilis
684 3131 791 3190 Gabba
811 3132 930 3202 tulisset,

174 3231 304 3306 quamvis
321 3231 417 3290 iurato
438 3241 568 3290 metuam
589 3232 640 3290 tibi
662 3230 779 3290 credere
800 3231 873 3289 testi.

174 3338 270 3388 ventre
291 3328 364 3386 nihil
384 3329 453 3389 novi
474 3329 631 3406 frugalius;
657 3328 713 3388 hoc
734 3339 834 3387 tamen
856 3329 953 3404 ipsum

175 3425 314 3486 defecisse
333 3435 413 3503 puta,
436 3428 517 3504 quod
537 3427 617 3486 inani
638 3425 743 3486 sufficit
765 3426 848 3484 alvo:

175 3525 251 3584 nulla
272 3524 392 3601 crepido
413 3535 505 3598 vacat,
528 3544 675 3602 nusquam
696 3543 773 3601 pons
794 3534 823 3583 et
844 3523 947 3600 tegetis
968 3542 1036 3602 pars

176 3622 293 3681 dimidia
313 3623 448 3682 breviori
474 3625 585 3683 tantine
605 3624 712 3681 iniuria
732 3624 842 3682 cenae?

175 3728 233 3780 tam
254 3721 352 3780 ieiuna
372 3720 485 3781 fames?
514 3740 584 3780 curn
604 3723 698 3798 possit
717 3720 867 3780 honestius
888 3721 944 3780 illic

147 3811 150 3819 ’
177 3828 203 3878 et
221 3829 345 3880 tremere
365 3830 393 3879 et
415 3821 516 3880 sordes
536 3820 619 3880 farris
639 3819 772 3879 mordere
793 3820 898 3879 canini.

668 3936 688 3978 r
704 3938 718 3978 a
