2714 4350
164 347 224 418 13¹2
311 369 317 383 ·
484 334 525 389 D.
549 334 666 390 IUNII
683 332 918 388 IUVENALIS

159 519 195 558 ex
217 499 304 558 nobis
324 499 422 576 geniti,
444 499 584 576 quoniam
605 498 715 557 dociles
736 493 891 556 imitandis'¹

159 599 292 675 turpibus
312 617 347 657 ac
369 598 464 675 pravis
484 616 588 657 omnes
610 615 718 667 sumus,
739 606 768 654 et
789 595 945 655 Catilinam

159 715 345 774 quocumque
367 698 397 755 in
417 697 529 773 populo
549 695 655 767 videas,
677 713 863 773 quocumque
885 696 940 753 sub
962 713 1025 765 axe,

160 796 212 854 sed
232 815 287 855 nec
308 795 414 854 Brutus
435 796 497 867 erit,
518 794 599 852 Bruti
622 813 675 853 nec
696 793 856 852 avunculus
876 811 1009 869 usquam.

159 895 200 952 nil
221 894 300 953 dictu
320 893 438 953 foedum
459 895 578 969 visuque
599 892 672 951 haec
693 892 794 951 limina
813 900 923 968 tangat,

159 994 234 1052 intra
254 1012 329 1071 quae
351 1003 433 1070 pater
453 1001 506 1051 est.
541 993 652 1068 procul,
674 1010 692 1049 a
713 991 816 1067 procul
836 991 905 1050 inde
925 990 1040 1068 puellae

159 1089 297 1150 lenonum
319 1100 348 1149 et
369 1100 472 1150 cantus
493 1089 690 1166 pernoctantis
711 1089 847 1165 parasiti!

159 1191 289 1248 maxima
308 1190 429 1248 debetur
449 1207 539 1266 puero
560 1189 725 1246 reverentia.
761 1188 785 1246 si
805 1188 877 1264 quid

159 1299 241 1364 turpe
263 1306 356 1363 paras,
378 1306 415 1346 ne
435 1297 467 1345 tu
487 1287 569 1364 pueri
591 1288 801 1362 contempseris
823 1303 925 1356 annos

160 1387 211 1445 sed
233 1396 389 1462 peccaturo
410 1388 505 1445 obstet
525 1386 578 1444 tibi
599 1385 673 1446 filius
695 1384 798 1443 infans,

159 1504 229 1543 nam
251 1486 274 1543 si
295 1485 365 1561 quid
386 1483 508 1560 dignum
529 1485 658 1543 censoris
680 1483 778 1542 fecerit
799 1484 842 1542 ira

159 1583 337 1660 quandoque
358 1593 386 1642 et
407 1583 531 1642 similem
551 1584 603 1641 tibi
625 1601 655 1642 se
676 1601 738 1640 non
758 1600 882 1658 corpore
903 1589 1016 1640 tantum

159 1701 214 1741 nec
235 1681 314 1739 vultu
336 1682 453 1753 dederit,
472 1699 588 1740 morum
609 1699 728 1758 quoque
750 1680 823 1738 filius
845 1690 873 1739 et
895 1680 945 1756 qui

160 1781 259 1838 omnia
280 1780 405 1839 deterius
425 1789 474 1838 tua
490 1799 542 1856 per
563 1781 683 1855 vestigia
704 1787 815 1855 peccet,

160 1880 298 1955 corripies
320 1878 458 1938 nimirum
478 1889 507 1938 et
527 1880 682 1955 castigabis
705 1881 812 1937 acerbo

160 1976 287 2036 clamore
308 1997 343 2036 ac
364 1977 525 2054 posthaec
547 1977 660 2036 tabulas
682 1987 794 2035 mutare
815 1975 940 2052 parabis,

160 2077 238 2135 uude
259 2076 309 2134 tibi
330 2076 457 2136 frontem
477 2077 698 2152 libertatemque
719 2076 856 2152 parentis

161 2191 229 2231 cum
249 2174 338 2234 facias
358 2176 460 2252 peiora
481 2194 570 2235 senex
591 2193 774 2252 vacuumque
795 2174 915 2232 cerebro

160 2273 218 2330 iam
240 2275 352 2350 pridem
374 2284 460 2351 caput
481 2274 538 2333 hoc
560 2285 681 2333 ventosa
703 2273 851 2332 cucurbita
872 2271 1012 2348 quaerat?

222 2370 349 2446 Hospite
370 2382 491 2430 venturo
512 2373 635 2431 cessabit
655 2390 744 2431 nemo
764 2381 889 2428 tuorum.

160 2475 256 2528 ‘verre
278 2471 484 2545 pavimentum,
506 2471 610 2530 nitidas
631 2470 751 2529 ostende
772 2470 932 2537 columnas,

161 2567 240 2624 arida
261 2585 328 2625 cum
348 2578 408 2625 tota
430 2568 586 2627 descendat
607 2587 712 2626 aranea
732 2568 797 2640 tela,

160 2665 206 2722 hic
227 2665 289 2722 leve
311 2675 472 2742 argentum,
493 2685 561 2724 vasa
582 2686 686 2743 aspera
706 2675 815 2743 tergeat
835 2664 935 2724 alterl'

91 2780 93 2784 ’
160 2781 217 2821 vox
240 2763 351 2822 domini
371 2763 437 2822 furit
457 2766 589 2824 instantis
610 2766 779 2842 virgamque
801 2765 933 2823 tenentis,

161 2880 232 2937 ergo
253 2864 339 2921 miser
360 2862 494 2939 trepidas,
512 2882 549 2922 ne
572 2873 696 2923 stercore
718 2863 804 2924 loeda
824 2864 931 2922 canino

161 2962 233 3019 atria
254 2961 424 3038 displiceant
442 2962 535 3020 oculis
555 2963 698 3020 venientis
719 2962 815 3032 amici,

162 3079 199 3118 ne
221 3059 338 3136 perfusa
359 3060 419 3118 luto
440 3060 477 3118 sit
498 3061 643 3136 porticus3
666 3070 695 3119 et
715 3071 814 3119 tamen
835 3078 896 3118 uno

163 3158 294 3217 semodio
316 3159 411 3216 scobis
433 3158 505 3217 haec
526 3159 663 3216 emendat
684 3158 812 3217 servulus
832 3176 925 3216 unus:

160 3255 231 3314 illud
253 3276 314 3315 non
335 3257 437 3333 agitas,
459 3267 490 3315 ut
512 3268 643 3316 sanctam
664 3257 740 3315 filius
761 3258 844 3316 omni

163 3354 281 3429 aspiciat
302 3356 365 3413 sine
385 3355 450 3414 labe
471 3355 593 3414 domurn
614 3356 740 3431 vitioque
762 3357 930 3414 carentem?

162 3462 278 3527 gratum
299 3463 341 3511 est
362 3453 442 3530 quod
463 3455 573 3529 patriae
594 3455 686 3513 civem
707 3456 877 3531 populoque
897 3455 1011 3524 dedisti,

163 3551 186 3608 si
207 3549 277 3608 facis
298 3560 329 3609 ut
350 3552 460 3626 patriae
481 3552 517 3610 sit
537 3553 667 3623 idoneus,
688 3554 763 3612 utilis
784 3554 870 3629 agris,
962 3579 965 3583 ·

162 3648 238 3706 utilis
260 3657 287 3706 et
308 3648 451 3707 bellorum
472 3659 500 3708 et
520 3647 599 3726 pacis
621 3651 707 3709 rebus
729 3651 858 3727 agendis

163 3746 320 3822 plurimum
341 3747 420 3805 euim
439 3747 574 3817 intererit,
596 3750 699 3824 quibus
721 3750 829 3809 artibus
851 3758 880 3808 et
901 3749 1007 3827 quibus
1028 3749 1108 3808 hunc
1129 3759 1158 3807 tu

164 3844 291 3902 moribus
311 3843 450 3902 instituas.
485 3854 618 3921 serpente
639 3847 750 3905 ciconia
770 3847 866 3924 pullos
