2714 4350
177 351 237 396 102
485 335 525 396 D.
546 335 664 392 IUNJI
679 333 913 391 IUVENALJS

174 522 227 580 par
247 500 519 578 Agamemnonidae
540 502 660 573 crimen,
682 500 735 561 sed
755 518 845 560 causa
866 499 933 559 iacit
954 518 1017 559 rem

174 601 362 660 dissimilemz
385 601 495 678 quippe
516 600 562 659 ille
584 600 645 659 deis
666 601 832 659 auctoribus
852 601 928 658 ultor

175 700 263 776 patris
283 711 344 758 erat
365 700 442 759 caesi
464 699 560 758 media
580 700 654 757 inter
674 698 800 775 poeula;
822 697 876 757 sed
895 715 951 757 nec

174 798 307 859 Electrae
329 797 429 874 iugulo
450 816 481 857 se
502 798 604 874 polluit
625 806 675 855 aut
698 796 832 873 Spartani

175 897 316 973 sanguine
338 897 475 973 coniugii,
496 895 582 955 nullis
603 896 720 955 aconita
740 896 913 972 propinquis

174 995 297 1066 miscuit,
318 996 349 1054 in
370 1014 459 1054 scena
479 1012 641 1070 numquam
662 994 787 1053 cantavit
808 993 936 1064 Orestes,

175 1094 284 1152 Troica
305 1111 365 1152 non
386 1093 506 1170 scripsit.
550 1092 621 1170 quid
640 1094 719 1153 enim
741 1092 897 1169 Verginius
918 1092 1006 1151 armis

175 1191 275 1249 debuit
295 1191 397 1250 ulcisci
418 1193 521 1268 magis,
543 1201 594 1251 aut
615 1210 683 1250 curn
705 1190 830 1251 Vindice
851 1190 954 1263 Galba,

175 1290 257 1367 quod
278 1289 360 1349 Nero
380 1301 440 1349 tam
462 1309 549 1350 saeva
569 1290 718 1369 crudaque
738 1291 889 1368 tyrannide
909 1290 997 1350 iecit?

85 1382 89 1390 ’
175 1390 247 1448 haec
270 1407 360 1465 opera
381 1399 468 1467 atque
489 1389 544 1449 hae
565 1401 633 1449 sunt
654 1389 790 1467 generosi
809 1389 950 1467 principis
970 1398 1056 1459 artes,

175 1488 330 1564 gaudentis
352 1487 440 1548 foedo
461 1489 612 1565 peregrina
629 1489 667 1547 ad
688 1489 800 1565 pulpita
822 1497 911 1547 cantu

176 1585 310 1662 prostitui
332 1584 498 1662 Graiaeque
519 1587 619 1663 apium
640 1587 779 1645 meruisse
801 1604 937 1645 coronae.

175 1685 320 1743 maiorum
341 1684 450 1759 effigies
471 1684 598 1744 habeant
620 1685 747 1761 insignia
766 1685 854 1756 vocis,

175 1783 354 1860 antepedes
375 1782 486 1843 Domiti
507 1782 630 1860 longum
650 1793 683 1842 tu
703 1802 781 1860 pone
803 1782 951 1860 Thyestae

176 1899 272 1956 syrma
292 1880 336 1940 vel
357 1882 526 1958 Antigonae
546 1900 598 1941 seu
619 1900 776 1958 personam
797 1880 991 1958 Menalippes,

175 1989 203 2038 et
224 1979 260 2038 de
281 1998 447 2040 marmoreo
468 1981 608 2041 citharam
631 1980 777 2058 suspende
799 1980 922 2039 coloss0.

177 2063 255 2153 quid,
277 2077 412 2151 Catilina,
433 2081 491 2138 tuis
512 2077 656 2138 natahbus
677 2088 764 2156 atque
785 2077 909 2155 Cethegi

176 2176 301 2234 inveniet
322 2178 478 2255 quisquam
499 2179 670 2237 sublimius?
691 2196 773 2236 arma
794 2187 893 2236 tamen
912 2195 965 2235 vos

177 2282 319 2332 nocturna
340 2284 369 2332 et
389 2274 523 2334 flammas
545 2275 681 2335 domibus
702 2276 877 2353 templisque
896 2275 1013 2352 paratis,
1100 2301 1102 2304 ’

176 2380 208 2429 ut
229 2373 420 2432 Bracatomm
442 2376 524 2451 pueri
548 2375 756 2452 Senonumque
777 2375 916 2446 minores,

177 2471 238 2528 ausi
259 2471 341 2548 quod
361 2471 446 2530 liceat
466 2473 564 2531 tunica
585 2473 686 2549 punire
707 2473 836 2532 molesta.

177 2567 229 2626 sed
249 2569 347 2646 vigilat
368 2570 471 2629 consul
493 2571 653 2647 vexillaque
674 2581 767 2630 vestra
789 2578 913 2630 coercet

177 2665 225 2725 hic
247 2685 341 2752 novus
363 2668 497 2745 Arpinas,
519 2670 656 2744 ignobilis
676 2679 705 2729 et
726 2669 816 2728 modo
838 2669 953 2728 Romae

176 2765 359 2842 municipalis
380 2785 479 2844 eques,
502 2768 649 2843 galeatum
670 2769 753 2845 ponit
773 2769 883 2846 ubique

177 2864 353 2940 praesidium
375 2865 503 2923 attonitis
523 2875 551 2924 et
572 2866 603 2924 in
623 2867 706 2925 omni
726 2877 827 2925 monte
848 2866 968 2925 laborat.

177 2973 289 3021 tanturn
310 2963 397 3040 igitur
417 2980 518 3022 muros
539 2964 613 3022 intra
634 2974 703 3041 toga
725 2966 848 3023 contulit
868 2964 908 3023 illi
954 2997 956 3001 ·

177 3062 304 3120 nominis
325 3080 359 3120 ac
382 3061 463 3133 tituli,
485 3071 626 3138 quantum
648 3064 695 3121 vix
718 3062 862 3136 Leucade,
884 3073 1027 3142 quantum

177 3158 347 3219 Thessaliae
369 3160 480 3237 campis
502 3160 641 3220 Octavius
662 3162 778 3221 abstulit
799 3163 860 3221 udo

178 3258 313 3317 caedibus
335 3259 458 3318 assiduis
479 3259 592 3334 gladio;
615 3269 659 3318 set
681 3260 778 3319 Roma
799 3270 960 3337 parentem,

179 3355 276 3414 Roma
296 3366 409 3432 patrem
429 3358 539 3434 patriae
561 3357 734 3438 Ciceronem
755 3360 845 3419 libera
866 3360 946 3420 dixit.

177 3453 302 3529 Arpinas
323 3455 395 3515 alius
416 3456 593 3516 Volscorum
614 3457 645 3516 in
666 3467 765 3518 monte
787 3458 900 3518 solebat

177 3568 299 3625 poscere
320 3554 476 3625 mercedes
499 3538 594 3614 alieno
616 3555 710 3615 lassus
731 3567 844 3628 aratro;
926 3596 928 3598 ψ

178 3645 323 3705 nodosam
343 3649 503 3725 posthaec
524 3652 678 3729 frangebat
697 3655 803 3714 vertice
823 3655 921 3727 vitem,
947 3687 950 3692 ,

179 3745 203 3803 si
224 3744 318 3804 lentus
338 3747 423 3824 pigra
443 3751 570 3810 muniret
591 3762 686 3811 castra
708 3752 844 3812 dolabra:

178 3840 225 3901 hic
245 3851 344 3903 tamen
366 3855 394 3904 et
416 3844 553 3907 Cimbros
574 3859 603 3908 et
624 3868 740 3908 summa
760 3849 890 3928 pericula
912 3869 1009 3911 rerum
