2714 4350
386 304 556 359 SATURA
580 296 861 378 L17o-III.64.

100 460 128 508 et
150 450 280 525 Catulus,
302 464 440 512 maneant
460 454 510 531 qui
530 454 648 530 nigrum
669 454 700 511 in
721 454 847 513 candida
868 465 988 525 vertunt,

100 550 165 625 quis
186 550 270 610 facile
291 560 335 609 est
355 537 458 617 aedem
475 553 639 611 conducere
660 551 781 611 flumina
802 566 912 629 portus,

100 649 269 708 siccandam
290 651 420 722 eluviem,
442 651 619 727 portandum
640 652 679 711 ad
699 653 784 710 busta
804 651 935 723 cadaver,

100 759 129 807 et
150 751 289 825 praebere
311 760 397 826 caput
418 749 539 808 domina
559 750 660 808 venale
682 752 736 809 sub
758 751 849 810 hasta,

100 847 253 926 quondam
273 848 304 906 hi
325 849 488 933 cornicines
509 859 538 906 et
559 849 744 925 municipalis
765 849 890 909 harenae

100 947 233 1023 perpetui
254 938 374 1006 comites
394 932 539 1024 notaeque
560 966 613 1024 per
633 947 743 1025 oppida
765 950 876 1008 buccae

100 1064 222 1103 munera
244 1064 322 1104 nunc
344 1046 442 1116 edunt,
464 1055 493 1104 et
514 1063 597 1104 verso
618 1047 724 1122 pollice
741 1047 843 1124 vulgus

100 1162 190 1220 quem
210 1143 287 1202 iubet
308 1144 446 1203 occidunt
466 1144 650 1223 populariter,
671 1145 739 1203 inde
761 1147 867 1204 reversi

100 1244 270 1302 conducunt
290 1242 404 1315 loricas,
419 1252 447 1301 et
468 1261 520 1301 cur
541 1261 602 1301 non
624 1226 756 1340 omniaqs
770 1262 837 1302 cnm
858 1245 921 1313 sint,

100 1342 201 1421 quales
222 1361 258 1402 ex
280 1341 381 1400 humili
402 1360 511 1418 magna
533 1342 571 1399 ad
591 1341 704 1418 fastigia
726 1361 822 1402 rerum

100 1442 218 1513 extollit,
241 1441 374 1518 quotiens
395 1441 483 1500 voluit
504 1440 633 1500 Fortuna
654 1441 752 1523 iocari,

100 1540 172 1617 quid
194 1539 309 1600 Romae
330 1538 454 1600 faciam?
479 1540 594 1598 mentiri
615 1540 725 1613 nescio,
747 1542 862 1613 librum,

100 1641 125 1698 si
145 1638 239 1697 malus
259 1648 312 1709 est,
332 1657 448 1716 nequeo
468 1638 585 1698 laudare
606 1649 635 1697 et
657 1658 787 1717 poscere,
809 1650 906 1699 motus

100 1749 244 1798 astrorum
263 1738 378 1814 ignoro,
398 1737 485 1797 funus
506 1738 672 1815 promittere
694 1740 784 1815 patris

99 1857 154 1897 nec
177 1837 243 1896 volo
265 1838 320 1895 ne'c
341 1854 471 1913 possum,
493 1855 630 1917 ranarqm
650 1838 760 1896 viscera
781 1856 944 1914 numquam

100 1937 223 2013 inspexi,
244 1935 318 1994 serre
339 1935 378 1993 ad
398 1948 520 2013 nuptam
540 1953 616 2012 quae
637 1935 722 1993 mittit
743 1936 862 2007 adulter,

97 2054 175 2117 ¹quae
196 2035 324 2113 mandat,
346 2044 455 2105 norunt
474 2034 530 2106 alii,
552 2053 600 2093 me
621 2053 709 2093 nemo
730 2034 861 2094 ministro

99 2134 145 2192 fur
166 2134 228 2205 erit,
250 2127 336 2217 a'tque
357 2132 424 2192 ideo
444 2132 515 2190 nulli
536 2150 635 2192 comes
652 2150 735 2205 exe0,
756 2142 906 2210 tamquam

100 2249 222 2308 mancus
243 2241 271 2290 et
292 2231 434 2290 exstincta
454 2249 560 2308 corpus
581 2249 643 2289 non
663 2231 732 2290 utile
754 2231 944 2321 dextffus

66 2326 69 2335 '
100 2331 166 2409 quis
184 2324 266 2389 ¹nunc
287 2326 421 2406 diligitur,
443 2330 498 2389 nisi
520 2330 663 2402 conscius,
684 2341 714 2390 et
735 2331 782 2389 cui
802 2331 916 2390 fervens

100 2438 212 2489 aestuat
229 2428 349 2488 occultis
369 2429 485 2487 animus
506 2446 681 2506 semperque
702 2430 855 2489 tacendis?

100 2528 141 2587 nil
162 2528 214 2586 tibi
234 2545 266 2587 se
288 2526 393 2586 debere
413 2535 503 2604 putat,
525 2526 567 2585 nil
587 2527 718 2587 conferet
738 2547 888 2606 umquam,

100 2627 272 2704 participem
292 2627 391 2703 quite
412 2626 514 2684 secreti
536 2624 603 2685 fecit
623 2625 756 2700 honesti3

100 2744 185 2786 carus
205 2726 258 2784 erit
279 2724 372 2795 Verri,
393 2725 443 2801 qui
463 2722 586 2782 Verrem
606 2734 739 2802 tempore
761 2744 821 2802 quo
842 2726 903 2784 vult

100 2842 238 2885 accusare
259 2833 363 2902 potest.
404 2823 475 2881 tanti
496 2823 548 2881 tibi
569 2842 630 2883 non
653 2824 688 2883 sit
708 2824 795 2901 opaci

100 2924 196 2984 omnis
216 2923 325 2982 harena
346 2922 425 2999 Tagi
445 2921 583 2998 quodque
600 2921 631 2979 in
651 2940 733 2981 mare
754 2923 875 2981 volvitur
895 2940 1006 2993 aurum,

100 3031 132 3081 ut
152 3040 259 3082 somno
280 3039 379 3081 careas
400 3020 596 3098 ponendaque
617 3022 746 3097 praemia
767 3039 866 3080 sumas

100 3121 186 3180 tristis
209 3131 238 3179 et
258 3138 276 3179 a
296 3136 406 3195 magno
427 3137 543 3196 semper
563 3118 689 3177 timearis
711 3119 816 3178 amica.

161 3218 246 3290 Quae
267 3207 346 3276 nunc
368 3216 500 3276 divitibus
519 3235 593 3294 gens
615 3218 816 3294 acceptissima
837 3218 944 3276 nostris

101 3329 130 3378 et
150 3335 225 3395 quos
245 3316 403 3393 praecipue
422 3315 543 3393 fugiam,
563 3317 728 3393 properabo
749 3315 839 3386 fateri,

100 3433 155 3474 nec
175 3413 270 3491 pudor
290 3414 424 3474 obstabit
466 3431 527 3473 non
548 3430 668 3491 possum
688 3411 771 3484 ferre,
793 3411 929 3484 Quirites

103 3510 246 3572 Graecam
265 3514 386 3585 urbem3
408 3513 540 3589 quamvis
561 3522 649 3588 quota
670 3511 767 3588 portio
787 3510 876 3569 faecis
892 3510 1026 3570 Achaei?

101 3611 292 3689 iampridem
314 3611 402 3690 Syrus
422 3613 453 3670 in
474 3611 608 3670 Tiberim
628 3609 748 3668 defluxit
768 3608 903 3680 Orontes,

103 3718 131 3768 et
149 3710 279 3787 linguam
300 3719 329 3768 et
349 3728 447 3770 mores
467 3718 496 3769 et
516 3727 584 3768 cum
605 3708 722 3767 tibicine
743 3706 868 3766 chordas

103 3808 233 3886 obliquas
252 3827 308 3868 nec
330 3826 391 3867 non
411 3808 529 3886 gentilia
550 3818 690 3885 tympana
710 3824 810 3865 secum
