2714 4350
179 330 240 415 138
501 339 541 395 D.
563 339 681 395 IUNII
698 336 935 395 IUVENALIS

176 504 308 578 abrupto.
343 501 403 561 iam
424 521 501 562 nunc
524 505 624 562 obstas
645 513 674 562 et
695 514 762 564 vota
782 505 913 576 moraris,

176 602 236 659 iam
256 610 370 676 torquet
390 601 524 660 iuvenem
545 602 635 680 longa
654 614 682 662 et
703 605 818 662 cervina
840 611 1000 683 senectus.-

176 698 258 757 ocius
279 698 465 775 Archigenen
486 719 593 776 quaere
615 711 702 777 atque
723 719 789 759 erne
810 701 891 778 quod
912 699 1096 760 Mithridates

176 797 349 873 composuit,
372 799 395 855 si
417 798 458 857 vis
480 799 566 856 aliam
587 798 742 876 decerpere
763 799 852 858 ficum

97 923 101 932 ‚
176 904 264 972 atque
284 896 355 954 alias
376 905 498 956 tractare
519 915 609 956 rosas.
654 897 839 956 medicamen
858 896 1028 956 habendum
1049 906 1103 967 est,

174 995 290 1053 sorbere
311 1004 378 1052 ante
399 995 496 1052 cibum
517 995 597 1072 quod
617 995 722 1053 debeat
742 1006 771 1053 et
791 1005 873 1072 pater
893 1005 922 1054 et
942 992 1010 1054 rex!
1175 1016 1219 1066 ²55

238 1091 373 1151 Monstro
393 1093 569 1169 voluptatem
591 1095 747 1170 egregiam,
769 1095 816 1152 cui
837 1094 916 1152 nulla
937 1093 1057 1164 theatra,

177 1190 256 1248 nulla
277 1209 404 1267 aequare
423 1210 514 1268 queas
535 1193 677 1268 praetoris
697 1192 808 1269 pulpita
828 1193 906 1263 lauti,

177 1289 202 1348 si
222 1298 335 1365 spectes
356 1301 465 1367 quanto
487 1292 587 1368 capitis
603 1291 773 1350 discrimine
795 1301 931 1349 constent

177 1390 358 1447 incrementa
378 1389 492 1460 domus,
514 1401 611 1448 aerata
632 1390 742 1448 multus
761 1391 792 1448 in
813 1409 883 1449 arca

126 1468 130 1477 ⁸
178 1486 265 1546 fiscus
286 1495 315 1543 et
336 1488 374 1545 ad
395 1488 510 1565 vigilem
531 1490 660 1566 ponendi
682 1488 804 1548 Castora
825 1488 947 1559 nummi,

178 1603 215 1642 ex
237 1603 296 1662 quo
318 1585 398 1645 Mars
419 1587 493 1646 ultor
515 1587 629 1664 galeam
651 1606 767 1664 quoque
789 1586 914 1663 perdidit
935 1596 964 1644 et
985 1603 1031 1644 res

180 1703 240 1742 non
259 1686 353 1762 potuit
374 1704 486 1744 servare
508 1705 583 1745 suas.
628 1705 700 1762 ergo
721 1686 822 1745 omnia
842 1684 944 1744 Florae

179 1791 207 1840 et
228 1783 341 1844 Cereris
361 1785 427 1843 licet
447 1795 476 1843 et
498 1784 621 1860 Cybeles
642 1785 744 1843 aulaea
765 1784 912 1862 relinquas
923 1802 933 1856 ;

179 1892 261 1942 tanto
282 1884 406 1942 maiores
427 1883 557 1942 humana
577 1884 695 1959 negotia
715 1883 783 1940 ludi.

180 1998 218 2038 an
239 1981 332 2056 magis
354 1980 500 2039 oblectant
520 1981 652 2038 animum
673 1981 779 2039 iactata
798 1989 921 2056 petauro

178 2097 301 2156 corpora
321 2081 428 2157 quique
449 2081 522 2140 solet
542 2091 655 2140 rectum
675 2080 852 2140 descendere
873 2079 984 2149 funem,

179 2197 269 2255 quam
289 2189 328 2249 tu,
350 2179 473 2256 Corycia
494 2198 607 2256 semper
628 2179 678 2257 qui
699 2196 798 2255 puppe
819 2176 940 2236 moraris

179 2285 267 2352 atque
287 2277 407 2347 habitas,
430 2296 498 2337 coro
519 2297 635 2354 semper
655 2277 798 2336 tollendus
819 2286 848 2335 et
869 2283 975 2345 austro,

180 2374 308 2450 perditus
330 2393 365 2433 ac
386 2375 448 2432 vilis
469 2376 545 2433 sacci
567 2386 712 2434 mercator
732 2374 847 2444 olentis,

181 2472 231 2550 qui
252 2473 362 2548 gaudes
383 2473 490 2548 pingue
511 2474 645 2549 antiquae
663 2458 703 2531 ¹de
723 2473 807 2531 litore
828 2470 930 2530 Cretae

181 2589 301 2646 passum
322 2579 351 2629 et
371 2571 532 2646 municipes
554 2571 631 2630 lovis
652 2572 803 2630 advexisse
824 2569 966 2646 lagonas?

181 2668 230 2728 hic
251 2679 351 2728 tamen
371 2669 490 2746 ancipiti
511 2670 603 2746 figens
624 2671 745 2746 vestigia
766 2670 866 2746 planta

182 2769 290 2826 victum
311 2768 358 2827 illa
379 2768 513 2827 mercede
534 2779 616 2844 parat
638 2770 830 2845 brumamque
851 2766 1019 2842 famemque

182 2866 231 2924 illa
250 2877 325 2925 reste
346 2876 445 2938 cavet3
467 2877 499 2924 tu
519 2878 639 2943 propter
659 2868 737 2926 mille
759 2867 867 2925 talenta

182 2976 212 3024 et
232 2977 350 3025 centum
371 2966 451 3023 villas
471 2966 648 3024 temerarius.
691 2966 788 3042 aspice
809 2974 910 3041 portus
1187 2983 1228 3036 275

182 3074 211 3122 et
231 3063 351 3141 plenum
371 3064 486 3139 magnis
507 3065 635 3122 trabibus
656 3083 754 3135 mare;
775 3063 840 3140 plus
860 3061 1015 3121 hominum
1037 3073 1080 3120 est
1102 3061 1160 3120 iam

183 3163 214 3219 in
235 3161 349 3239 pelago,
372 3163 466 3220 veniet
486 3162 584 3220 classis
606 3181 794 3239 quocumque
815 3161 927 3219 vocarit

184 3279 251 3337 spes
272 3261 352 3332 lucri,
376 3279 430 3318 nec
453 3260 642 3338 Carpathium
664 3260 846 3336 Gaetulaque
867 3268 980 3318 tantum

184 3375 313 3434 aequora
334 3359 479 3429 transiliet,
502 3359 553 3417 sed
574 3359 661 3435 longe
683 3357 774 3434 Calpe
795 3357 895 3416 relicta

184 3455 281 3515 audiet
302 3456 449 3515 Herculeo
470 3458 639 3516 stridentem
659 3457 772 3533 gurgite
794 3455 894 3514 solem.

185 3554 296 3630 grande
317 3572 423 3631 operae
444 3557 568 3631 pretium
589 3564 640 3626 est,
661 3565 693 3613 ut
714 3566 798 3613 tenso
819 3553 887 3611 folle
909 3554 1012 3612 reverti

187 3651 254 3710 inde
276 3651 398 3710 domum
419 3654 513 3729 possis
535 3655 703 3730 tumidaque
726 3653 867 3728 superbus
888 3651 975 3721 aluta,

188 3749 301 3809 Oceani
322 3760 452 3810 monstra
473 3762 502 3811 et
522 3753 641 3810 iuvenes
662 3751 765 3809 vidisse
785 3750 923 3807 marinos·

188 3867 249 3907 non
269 3867 345 3907 unus
365 3860 477 3908 mentes
498 3851 587 3926 agitat
607 3849 694 3909 furor.
729 3849 774 3907 ille
797 3849 902 3907 sororis
949 3866 953 3876 ’
