2714 4350
492 307 661 365 SATURA
685 307 726 362 X.
743 298 904 378 ara-284.
1161 319 1220 364 111

175 475 282 554 quique
304 492 413 533 novum
434 474 541 533 totiens
562 482 692 533 mustum
713 474 794 533 bibit.
837 491 899 547 oro,
921 491 1080 554 parumper
1177 499 1225 548 250

174 573 314 644 attendas,
336 579 477 650 quantum
500 572 537 632 de
557 572 671 648 legibus
691 573 753 650 ipse
775 583 912 652 queratur

174 673 300 732 latorum
320 682 349 731 et
370 671 461 730 nimio
483 671 519 729 de
541 672 674 744 stamine,
696 691 764 731 cum
784 671 861 730 videt
882 671 956 730 acris

174 770 324 830 Antilochi
345 771 465 829 barbam
487 769 648 841 ardentem,
670 789 739 830 cum
759 771 872 847 quaerit
893 770 931 828 ab
952 768 1034 828 omni

175 870 306 950 quisquis
327 869 410 928 adest
431 869 536 942 socius,
559 887 611 928 cur
631 869 704 928 haec
725 870 756 927 in
776 879 910 945 tempora
931 868 1022 956 duret,

175 969 258 1048 quod
278 967 391 1028 facinus
413 968 536 1044 dignum
556 977 617 1026 tam
638 968 728 1044 longo
749 968 895 1028 admiserit
916 967 1009 1026 aevo?

174 1067 247 1127 haec
270 1067 373 1125 eadem
395 1065 507 1139 Peleus
529 1078 644 1144 raptum
666 1084 734 1126 cum
754 1066 835 1143 luget
854 1065 1007 1137 Achillem,

176 1177 263 1244 atque
284 1167 366 1239 alius,
388 1167 435 1226 cui
456 1166 501 1226 ias
523 1167 658 1227 Ithacum
678 1167 778 1244 lugere
799 1175 958 1226 natantem.

176 1265 316 1326 ineolumi
337 1265 430 1325 Troia
451 1264 582 1325 Priamus
603 1267 730 1325 venisset
750 1265 788 1324 ad
808 1265 928 1323 umbras

176 1364 312 1423 Assaraci
332 1364 447 1440 magnis
469 1362 665 1435 sollemnibus
689 1363 819 1422 Hectore
840 1361 928 1421 funus

175 1471 311 1538 portante
333 1479 368 1520 ac
390 1461 507 1539 reliquis
527 1460 647 1520 fratrum
669 1461 829 1520 cervicibus
850 1460 924 1518 inter

176 1560 302 1619 Iliadum
323 1560 466 1634 lacrimas,
487 1571 520 1620 ut
536 1562 648 1638 primos
668 1560 753 1619 edere
774 1559 908 1637 planctus

177 1656 344 1718 Cassandra
365 1659 506 1736 inciperet
526 1659 675 1735 scissaque
696 1658 847 1736 Polyxena
867 1657 953 1735 palla,

176 1756 201 1814 si
221 1755 296 1816 soret
316 1757 476 1816 exstinctus
498 1757 611 1816 diverso
632 1767 772 1835 tempore,
793 1775 854 1834 quo
876 1774 937 1816 non

176 1864 313 1931 coeperat
333 1854 459 1914 audaces
480 1853 560 1914 Paris
581 1855 732 1915 aedificare
754 1856 877 1914 carinas,

176 1953 265 2030 longa
287 1953 348 2012 dies
369 1953 454 2030 igitur
474 1953 546 2031 quid
567 1954 708 2014 contulit?
729 1954 831 2014 omnia
851 1952 922 2012 vidit

178 2070 277 2111 eversa
298 2063 328 2111 et
348 2052 474 2111 flammis
495 2052 600 2112 Asiam
621 2052 756 2129 ferroque
777 2051 940 2112 cadentem.

177 2161 246 2209 tunc
268 2150 352 2209 miles
372 2151 511 2210 tremulus
533 2152 629 2229 posita
649 2151 713 2211 tulit
732 2170 815 2212 arma
836 2152 909 2210 tiara

177 2259 206 2308 et
225 2249 284 2308 ruit
304 2259 371 2308 ante
392 2269 473 2310 aram
495 2252 601 2311 summi
622 2251 710 2321 Iovis,
731 2261 763 2310 ut
784 2249 897 2310 vetulus
918 2250 984 2319 boa,

178 2348 228 2425 qui
250 2349 362 2408 domini
383 2349 479 2408 cultris
500 2359 586 2408 tenue
607 2360 636 2408 et
658 2349 822 2409 miserabile
844 2348 954 2407 collum

177 2447 297 2523 praebet
318 2448 356 2506 ab
377 2447 492 2524 ingrato
513 2449 573 2506 iarn
594 2448 737 2509 fastiditus
758 2457 860 2510 aratro.

177 2546 273 2604 exitus
295 2545 342 2605 ille
363 2556 521 2623 utcumque
543 2547 678 2618 hominis,
700 2548 754 2606 sed
774 2556 857 2607 torva
879 2547 985 2607 canino

177 2643 290 2703 latravit
310 2645 392 2716 rictu,
415 2664 491 2724 quae
511 2657 579 2723 post
600 2646 679 2707 hunc
700 2647 809 2707 vixerat
831 2664 914 2706 uxor.

177 2742 284 2802 festino
305 2742 481 2803 adnostros
502 2755 531 2804 et
551 2764 650 2822 regem
671 2755 786 2804 transeo
808 2745 895 2804 Ponti

178 2852 206 2900 et
228 2841 383 2913 Croesum,
404 2861 493 2920 quem
513 2862 571 2903 vox
592 2844 658 2903 iusti
680 2843 807 2906 facunda
829 2842 946 2903 Solonis

178 2941 321 3016 respicere
343 2941 381 3002 ad
401 2941 507 3018 longae
529 2943 609 3001 iussit
630 2943 723 3020 spatia
743 2943 844 3003 ultima
865 2942 948 3001 vitae.

180 3039 299 3099 exilium
320 3049 350 3098 et
370 3058 470 3099 carcer
493 3040 765 3119 Minturnarumque
787 3041 909 3119 paludes

180 3150 208 3198 et
228 3138 413 3198 mendicatus
433 3140 509 3199 victa
530 3140 707 3218 Carthagine
728 3141 813 3218 panis

179 3237 246 3296 hinc
268 3256 373 3298 causas
394 3238 529 3300 habuere.
571 3241 640 3316 quid
661 3240 711 3300 illo
732 3240 793 3299 cive
814 3240 924 3297 tulisset

179 3346 282 3397 natura
303 3337 445 3410 interris,
468 3339 540 3414 quid
561 3338 659 3398 Roma
679 3339 791 3398 beatius
812 3355 963 3413 umquam,

180 3435 204 3492 si
224 3435 424 3497 circumducto
446 3438 627 3513 captivorum
649 3439 766 3515 agmine
787 3449 815 3497 et
836 3437 918 3495 omni

179 3534 324 3594 bellorum
344 3553 457 3612 pompa
477 3537 606 3596 animam
627 3537 791 3596 exhalasset
812 3537 952 3613 opimam,

179 3649 269 3708 quum
291 3633 327 3693 de
348 3632 516 3695 Teutonico
536 3636 620 3695 vellet
640 3635 816 3694 descendere
838 3635 943 3693 curru?

181 3732 300 3807 provida
321 3732 463 3810 Pompeio
486 3734 603 3793 dederat
624 3734 788 3811 Campania
809 3732 903 3791 febres

182 3830 332 3906 optandas,
354 3831 406 3890 sed
426 3832 534 3893 multae
556 3835 641 3893 urbes
661 3842 691 3893 et
711 3832 828 3911 publica
848 3840 917 3895 vota
