2714 4350
500 305 669 361 SATURA
691 306 781 364 XIII.
799 299 913 366 12·81.

177 470 241 530 talis
261 480 293 529 ut
313 479 357 529 est
378 467 474 544 hodie,
496 480 692 547 contentaque
713 470 806 530 sidera
827 472 928 547 paucis

178 570 346 628 numinibus
366 569 505 628 miserum
525 571 689 644 urguebant
708 569 827 628 Atlanta
848 570 954 628 minori

177 669 318 746 pondere.
360 668 493 726 nondum
514 668 617 745 aliquis
638 668 756 727 sortitus
776 668 855 726 triste
873 669 1008 745 profundi

177 768 331 845 imperium
352 776 401 825 aut
422 766 518 825 Sicula
538 776 635 826 torvus
657 785 725 825 cum
746 768 869 843 coniuge
891 767 1005 841 Pluton,

176 885 232 924 nec
255 877 318 925 rota
339 884 393 925 nec
414 864 517 924 Furiae
538 884 594 924 nec
615 883 720 924 saxum
741 875 791 924 aut
811 866 930 925 vulturis
952 868 1006 925 atri

176 983 280 1041 poena,
304 964 356 1022 sed
378 962 496 1023 insemis
517 963 621 1023 hilares
642 965 705 1022 sine
727 964 844 1040 regibus
864 966 994 1024 umbrae.

177 1062 337 1139 inprobitas
358 1061 407 1120 illo
427 1061 480 1119 fuit
500 1061 675 1122 admirabilis
696 1082 777 1134 aev0,

178 1161 336 1220 credebant
356 1179 415 1238 quo
436 1159 547 1237 grande
568 1160 650 1220 nefas
671 1171 700 1221 et
720 1172 815 1220 morte
836 1161 986 1238 piandum,

178 1260 201 1318 si
222 1260 333 1318 iuvenis
354 1258 452 1318 vetulo
472 1276 534 1317 non
556 1268 751 1319 assurrexerat
771 1269 801 1318 et
821 1260 845 1318 si

178 1359 300 1416 barbato
321 1358 495 1434 cuicumque
516 1375 597 1433 puer,
620 1357 687 1417 lieet
707 1358 770 1434 ipse
790 1357 900 1418 videret

177 1462 260 1539 plura
281 1462 360 1523 domi
381 1462 461 1538 fraga
480 1469 510 1520 et
531 1463 657 1522 maiores
678 1463 793 1540 glandis
813 1481 941 1523 acervos.

177 1570 237 1620 tam
258 1561 421 1620 venerabile
442 1570 504 1620 erat
523 1561 698 1637 praecedere
720 1571 856 1639 quattuor
876 1561 970 1633 annia,

177 1662 328 1738 primaque
348 1678 402 1737 par
423 1658 497 1718 adeo
518 1677 617 1718 sacrae
639 1659 749 1737 lanugo
771 1669 915 1719 senectae.

176 1779 263 1832 nunc,
287 1759 312 1818 si
333 1758 500 1835 depositum
521 1777 583 1817 non
604 1759 742 1818 infitietur
762 1760 883 1830 amicus,

178 1859 199 1915 si
221 1857 324 1917 reddat
344 1867 469 1918 veterem
491 1874 559 1916 cum
580 1867 640 1917 tota
660 1859 800 1935 aerugine
820 1857 928 1929 follem,

178 1957 345 2034 prodigiosa
366 1956 437 2017 fides
458 1967 487 2016 et
506 1957 613 2016 Tuscis
638 1956 727 2033 digna
748 1956 859 2029 libellis,

177 2072 311 2134 quaeque
333 2065 472 2115 coronata
492 2056 607 2115 lustrari
628 2057 732 2114 debeat
752 2073 838 2133 agna.

177 2154 326 2230 egregium
349 2163 540 2231 sanctumque
561 2155 653 2212 virum
675 2155 699 2214 si
719 2173 815 2229 oern0,
839 2153 994 2213 bimembri

176 2253 231 2313 hoc
253 2262 417 2312 monstrum
437 2270 530 2329 puero
550 2253 595 2311 vel
615 2254 732 2312 miranti
753 2253 809 2312 sub
828 2262 924 2312 aratro

177 2352 302 2428 piscibus
323 2352 447 2410 inventis
468 2360 498 2410 et
514 2350 589 2410 letae
610 2370 741 2429 conparo
762 2351 867 2423 mulae,

177 2450 324 2522 sollicitus,
347 2459 499 2528 tamquam
519 2449 630 2526 lapides
651 2449 785 2508 effuderit
800 2450 893 2508 imber

176 2567 358 2625 examenque
379 2549 479 2626 apium
500 2549 589 2624 longa
610 2547 774 2607 consederit
795 2566 850 2606 uva

177 2648 300 2706 culmine
322 2646 440 2719 delubri,
461 2657 612 2725 tamquam
633 2648 664 2705 in
684 2665 764 2705 mare
784 2647 897 2705 fluxerit
918 2647 1012 2705 amnis

176 2747 336 2824 gurgitibus
355 2745 435 2804 miris
456 2755 485 2804 et
505 2745 587 2805 lactis
607 2745 711 2805 vertice
732 2755 855 2805 torrens.

235 2846 398 2921 Intercepta
419 2843 522 2902 decem
542 2844 669 2920 quereris
691 2843 820 2902 sestertia
840 2842 942 2902 fraude

176 2942 334 3020 sacrilega?
361 2942 433 3020 quid
454 2942 479 3001 si
499 2941 545 3000 bis
564 2950 682 3000 centum
702 2941 827 3017 perdidit
846 2942 917 3000 alter

176 3041 229 3102 hoc
251 3060 358 3100 arcana
378 3041 477 3110 modo,
499 3041 640 3099 maiorem
661 3040 761 3099 tertius
781 3040 831 3098 illa

176 3158 328 3212 summam,
350 3149 439 3217 quam
459 3138 574 3216 patulae
595 3139 644 3197 vix
666 3148 782 3215 ceperat
804 3137 927 3214 angulus
948 3140 1053 3198 arcae?

174 3249 233 3298 tam
253 3233 337 3298 facile
358 3249 387 3298 et
405 3255 534 3316 pronum
555 3240 604 3297 est'
620 3255 742 3314 superos
764 3247 951 3296 contemnere
972 3247 1069 3307 testes,

176 3338 198 3395 si
219 3338 351 3396 mortalis
372 3337 450 3396 idem
472 3354 560 3395 nemo
582 3336 661 3395 sciat.
704 3336 811 3412 aspice,
834 3345 944 3414 quanta

176 3454 245 3495 voce
266 3444 362 3513 neget,
385 3454 461 3513 quae
481 3435 518 3493 sit
538 3434 598 3493 ficti
619 3435 782 3494 constantia
801 3433 904 3493 vultus.

176 3553 224 3610 per
247 3533 323 3594 Solis
342 3535 439 3594 radios
459 3534 646 3611 Tarpeiaque
665 3533 787 3592 fulmina
803 3533 878 3592 iurat

174 3644 200 3693 et
220 3633 326 3693 Martis
345 3632 486 3692 frameam
509 3643 538 3693 et
558 3632 668 3692 Cirraei
689 3632 799 3710 spicula
817 3633 897 3702 vatis,

173 3749 223 3807 per
244 3732 374 3791 calamos
394 3731 545 3792 venatricis
565 3731 789 3809 pharetramque
809 3730 921 3808 puellae

173 3849 281 3909 perque
301 3840 392 3903 tuum,
413 3839 495 3908 pater
515 3830 626 3908 Aegaei
647 3829 794 3907 Neptrme,
814 3828 984 3900 tridentem,
