2714 4350
495 321 662 378 SATURA
686 323 743 379 XI.
759 315 898 402 67-136.

173 501 349 561 magnorum
369 483 512 542 artificum
532 482 684 561 frangebat
703 486 810 562 pocula
830 487 923 559 miles,

173 594 205 643 ut
225 583 349 660 phaleris
369 582 508 659 gauderet
527 600 598 642 ecus
619 584 788 662 caelataque
808 587 898 645 cassis
993 636 1000 646 s

174 682 338 741 Romuleae
360 681 513 740 simulacra
534 680 611 741 ferae
632 701 833 743 mansuescere
855 685 949 746 iussae

174 782 286 858 imperii
306 779 375 847 sato,
397 781 531 855 geminos
552 782 607 840 sub
627 800 698 858 rupe
720 781 871 855 Quirinos,

173 897 208 938 ac
229 878 340 937 nudam
360 878 486 954 effigiem
507 879 601 955 clipeo
621 880 763 939 venientis
783 891 813 939 et
833 881 916 940 hasta

173 977 384 1054 pendentisque
405 977 452 1035 dei
472 978 598 1054 perituro
620 979 785 1038 ostenderet
805 979 892 1039 hosti.

174 1072 285 1151 argenti
306 1071 386 1150 quod
408 1081 478 1142 erat,
500 1072 569 1131 solis
590 1071 719 1148 fulgebat
740 1074 770 1131 in
791 1074 888 1134 armis.

173 1168 323 1245 ponebant
343 1167 427 1242 igitur
448 1165 550 1225 Tusco
570 1165 675 1226 farrata
695 1168 794 1226 catino
805 1187 813 1240 ;

174 1266 275 1326 omnia
292 1276 370 1335 tunc,
392 1265 498 1341 quibus
519 1265 657 1336 invideas,
680 1266 704 1323 si
725 1265 857 1326 lividulus
878 1267 927 1328 sis.

174 1365 350 1442 templorum
367 1381 485 1441 quoque
506 1364 642 1423 maiestas
662 1365 841 1441 praesentior
860 1375 890 1425 et
909 1385 968 1425 vox

174 1475 260 1523 nocte
281 1462 340 1522 sere
361 1463 457 1522 media
478 1463 663 1540 mediamque
684 1463 782 1522 audita
802 1482 856 1539 per
876 1466 988 1539 urbem,

173 1562 253 1622 litore
274 1564 312 1621 ab
334 1560 446 1621 Oceani
467 1558 558 1620 Gallis
578 1562 759 1621 venientibus
781 1572 810 1620 et
831 1561 876 1622 dis

173 1660 302 1721 officium
323 1660 395 1719 vatis
416 1659 632 1736 peragentibus.
673 1658 717 1718 his
738 1660 851 1718 monuit
868 1679 932 1732 nos,

173 1759 250 1818 hanc
271 1760 357 1817 rebus
377 1757 468 1816 Latiis
489 1777 589 1818 curam
609 1767 753 1834 praestare
775 1758 886 1820 solebat

173 1858 266 1916 fictilis
286 1867 316 1917 et
337 1857 417 1914 nullo
437 1855 561 1915 violatus
583 1856 714 1934 Iuppiter
735 1875 816 1916 auro.

174 1955 219 2013 illa
239 1955 320 2013 domi
342 1965 425 2014 natas
446 1966 604 2032 nostraque
625 1973 662 2014 ex
685 1955 788 2014 arbore
809 1973 927 2015 mensas

174 2064 304 2132 tempora
323 2054 464 2127 viderunt,
485 2054 540 2114 hos
561 2055 673 2132 lignum
694 2054 790 2112 stabat
811 2055 849 2112 ad
869 2073 954 2128 usus.

174 2169 317 2211 annosam
338 2153 362 2211 si
382 2153 455 2213 forte
476 2171 582 2212 nucem
603 2153 747 2212 deiecerat
768 2171 863 2212 eurus.

174 2257 201 2319 at
221 2265 300 2306 nunc
322 2247 456 2308 divitibus
477 2247 601 2308 cenandi
622 2246 702 2307 nulla
723 2246 863 2324 voluptas,

174 2346 212 2403 nil
232 2345 382 2419 rhombus,
403 2345 443 2404 nil
464 2346 551 2407 dama
567 2346 650 2423 sapit,
671 2357 771 2422 putere
791 2345 924 2407 videntur

174 2454 321 2522 unguenta
342 2455 436 2521 atque*
449 2463 542 2517 rosae,
563 2444 637 2505 latos
657 2444 713 2504 nisi
735 2445 855 2504 sustinet
875 2447 960 2506 orbes

173 2543 283 2620 grande
304 2545 376 2604 ebur
396 2553 425 2602 et
445 2561 556 2620 magno
576 2541 705 2602 sublimis
725 2542 833 2618 pardus
852 2542 941 2617 hiatu,

174 2643 306 2702 dentibus
327 2661 363 2701 ex
384 2641 446 2715 illis,
467 2660 543 2720 quos
563 2641 648 2702 mittit
669 2650 752 2717 porta
774 2641 884 2718 Syenes

174 2723 200 2799 et
220 2740 319 2799 Mauri
340 2740 446 2800 celeres
467 2750 496 2799 et
517 2739 623 2798 Mauro
644 2739 794 2799 obscurior
814 2738 914 2812 Indus,

146 2891 152 2905 .
173 2851 200 2912 et
221 2858 296 2918 quos
317 2838 450 2917 deposuit
472 2838 625 2898 Nabataeo
645 2837 731 2897 belua
752 2837 834 2910 saltu,

174 2940 230 2999 iam
251 2939 357 2998 nimios
378 2938 525 3015 capitique
545 2955 656 3014 graves.
698 2936 767 2996 hinc
788 2935 880 3013 surgit
901 2936 1005 3008 oreris,

174 3037 239 3096 hinc
261 3035 414 3096 stomacho
434 3036 525 3108 vires;
546 3053 615 3093 nam
636 3053 688 3112 pes
708 3045 862 3112 argenteus
883 3035 945 3104 illis,

174 3136 276 3195 anulus
296 3136 327 3193 in
347 3135 439 3211 digito
460 3133 540 3211 quod
560 3133 674 3193 ferreus
717 3151 788 3210 ergo
810 3134 984 3210 superbum*

175 3234 325 3294 convivam
346 3251 444 3305 cave0,
467 3233 518 3310 qui
538 3250 587 3290 me
608 3232 662 3291 sibi
683 3240 832 3309 comparet
853 3241 881 3290 et
903 3249 950 3290 res

174 3331 294 3409 despicit
314 3331 441 3407 exiguas.
483 3330 558 3389 adeo
579 3330 657 3388 nulla
677 3331 763 3389 uncia
784 3330 870 3389 nobis

173 3439 214 3490 est
234 3429 332 3489 eboris
352 3447 408 3488 nec
430 3428 559 3488 tessellae
579 3447 635 3488 nec
656 3428 783 3487 calculus
804 3446 841 3486 ex
862 3426 918 3486 hac

174 3527 300 3600 materia,
322 3527 394 3604 quin
414 3526 477 3602 ipsa
497 3526 651 3584 manubria
672 3525 853 3584 cultellorum

174 3643 255 3685 ossea
266 3645 273 3698 ;
296 3642 359 3683 non
379 3635 478 3683 tamen
498 3623 542 3682 his
563 3623 621 3682 ulla
638 3641 780 3701 umquam
800 3623 924 3683 obsonia
945 3623 1017 3683 fiunt

175 3723 329 3795 rancidula,
348 3733 398 3782 aut
418 3722 484 3782 ideo
504 3722 588 3799 peior
608 3722 715 3797 gallina
736 3731 856 3781 secatur.

174 3823 223 3884 sed
243 3841 299 3884 nec
321 3831 445 3882 structor
465 3821 526 3894 erit,
548 3820 596 3880 cui
617 3821 719 3881 cedere
740 3820 845 3881 debeat
865 3820 962 3880 omnis
