2714 4350
213 344 256 406 94
515 330 555 388 D.
578 333 696 389 IUNII
713 333 949 389 IUVENALIS

211 508 338 576 gestetur
359 498 504 569 dominus,
520 500 655 576 quotiens
676 498 866 576 pluit—anne
887 516 1021 559 serenum

212 607 359 673 exspectet
380 607 554 675 spargatque
574 598 635 656 luto
657 598 785 656 iumenta
804 599 931 657 recenti?

214 692 274 776 [hic
295 697 399 772 potius,
421 714 548 772 namque
568 696 616 754 hic
637 695 763 754 mundae
784 697 855 754 nitet
875 697 985 773 ungula
1006 693 1157 778 mulae-]

212 805 293 872 parte
315 795 370 853 alia
390 794 486 870 longis
508 793 701 852 Numidarum
722 794 795 853 fulta
815 796 957 856 columnis

212 903 309 971 surgat
330 904 359 951 et
379 893 523 969 algentem
544 893 636 969 rapiat
657 893 771 952 cenatio
792 894 893 953 solem.

212 992 438 1070 quanticumque
460 990 573 1063 domus,
595 992 688 1051 veniet
709 991 759 1068 qui
780 991 888 1051 fercula
908 991 993 1052 docte

212 1099 370 1168 conponat,
390 1089 486 1148 veniet
508 1089 557 1165 qui
578 1090 771 1166 pulmentaria
791 1090 897 1149 condit

211 1190 265 1249 hos
286 1190 359 1248 inter
380 1198 513 1264 sumptus
533 1189 663 1247 sestertia
683 1188 873 1260 Quintiliane,

211 1299 243 1347 ut
260 1288 392 1359 multum,
415 1286 474 1346 duo
495 1285 654 1345 sufficient:
679 1304 726 1344 res
747 1287 826 1345 nulla
846 1286 966 1346 minoris

213 1387 356 1446 constabit
375 1385 457 1461 patri,
479 1401 568 1460 quam
589 1384 678 1444 filius„
717 1384 811 1444 ‘unde
833 1385 918 1461 igitur
939 1396 981 1444 tot

214 1484 425 1556 ‘Quintilianus
445 1483 533 1541 habet
554 1483 679 1542 saltusl’
709 1483 846 1559 exempla
866 1501 1008 1544 novorum

212 1583 337 1642 fatorum
357 1581 454 1642 transi.
489 1581 557 1640 felix
578 1591 606 1640 et
627 1581 747 1658 pulcher
767 1590 797 1640 et
817 1600 892 1653 acer,

212 1683 280 1740 felix
301 1693 330 1740 et
351 1681 466 1757 sapiens
487 1689 515 1738 et
536 1680 641 1739 nobilis
662 1690 691 1739 et
712 1699 872 1758 generosus

211 1782 372 1859 adpositam
394 1780 492 1856 nigrae
513 1779 614 1837 lunam
634 1781 759 1838 subtexit
780 1780 890 1852 alutae;

211 1880 277 1938 felix
299 1889 396 1938 orator
417 1897 534 1955 quoque
555 1880 700 1938 maximus
721 1888 750 1936 et
770 1879 909 1938 iaculator

211 1989 247 2051 et,
269 1978 294 2036 si
314 1976 452 2054 perfrixit,
474 1986 571 2036 cantat
592 1978 675 2035 bene.
711 1977 798 2035 distat
818 1977 904 2047 enim,
925 1994 1000 2052 quae

211 2078 354 2137 siderate
374 2076 520 2151 excipiant
541 2076 632 2135 modo
653 2077 762 2152 primos
783 2076 969 2152 incipientem

211 2175 296 2233 edere
317 2174 429 2251 vagitus
449 2184 478 2232 et
499 2175 593 2235 adhuc
614 2194 632 2233 a
652 2185 743 2233 matre
764 2175 925 2233 rubentem.

211 2274 236 2331 si
257 2273 385 2332 Fortuna
405 2274 490 2342 volet,
512 2273 562 2331 fies
584 2273 620 2332 de
640 2273 755 2332 rhetore
777 2273 898 2344 consul;

212 2373 236 2431 si
257 2374 332 2431 volet
353 2372 426 2430 haec
447 2372 559 2444 eadem,
581 2372 632 2430 fies
655 2371 691 2429 de
712 2371 832 2431 consule
852 2371 956 2431 rhetor.

212 2471 365 2530 Ventidius
386 2470 456 2548 quid
477 2471 574 2528 enim?
598 2469 668 2547 quid
689 2470 822 2530 Tullius?
845 2489 921 2528 anne
940 2468 1018 2528 aliud
1040 2487 1129 2547 quam

212 2570 291 2629 sidus
311 2580 340 2629 et
360 2570 464 2629 occulti
485 2569 617 2627 miranda
638 2570 767 2645 potentia
788 2569 858 2627 fati?

211 2670 299 2730 servis
320 2688 410 2745 regna
430 2668 549 2740 dabunt,
572 2668 691 2744 captivis
711 2667 770 2726 fata
790 2667 977 2744 triumphum.

209 2767 276 2827 felix
297 2767 343 2826 ille
365 2777 463 2825 tamen
484 2784 571 2826 corvo
592 2784 708 2843 quoque
729 2767 820 2824 rarior
840 2766 915 2825 albo,

209 2866 349 2943 paenituit
368 2865 475 2923 multos
496 2883 588 2923 vanae
609 2865 769 2942 sterilisque
790 2864 952 2935 cathedrae,

211 2966 284 3024 sicut
305 2963 518 3039 Thrasymachi
538 2964 641 3039 probat
663 2963 756 3021 exitus
778 2972 864 3040 atque
887 2962 1014 3024 Secundi

210 3063 384 3122 Carrinatis:
413 3071 441 3120 et
461 3060 540 3119 hunc
560 3061 681 3139 inopem
701 3061 819 3130 vidistis,
839 3060 982 3132 Athenae,

121 3218 129 3229 ,
209 3162 250 3252 nil
271 3170 382 3239 praeter
402 3159 511 3236 gelidas
532 3177 619 3218 ausae
641 3158 771 3218 conferre
794 3161 910 3219 cicutas.

92 3320 95 3327 ,
209 3260 247 3330 di,
268 3261 413 3318 maiorum
432 3259 542 3317 umbris
562 3269 679 3317 tenuem
701 3267 729 3318 et
750 3259 813 3316 sine
834 3257 964 3334 pondere
985 3268 1091 3316 terram

160 3364 162 3368 ’
209 3357 399 3435 spirantisque
421 3376 522 3416 crocos
543 3369 572 3416 et
594 3359 624 3416 in
644 3376 718 3415 uma
738 3367 911 3434 perpetuum
932 3376 991 3428 ver,

209 3456 260 3533 qui
280 3466 500 3532 praeceptorem
522 3456 615 3514 sancti
631 3456 747 3515 voluere
768 3457 897 3533 parentis

209 3570 273 3611 esse
294 3553 377 3612 locol
400 3565 531 3612 metuens
552 3555 648 3630 virgae
669 3554 728 3611 iam
749 3554 867 3630 grandis
887 3553 1016 3612 Achilles
1215 3575 1259 3610 210

209 3652 345 3709 cantabat
365 3652 464 3727 patriis
484 3651 514 3709 in
534 3653 683 3711 montibus
704 3661 733 3710 et
753 3653 800 3711 cui
819 3671 880 3712 non
900 3662 970 3710 tune

209 3749 325 3809 eliceret
345 3749 434 3807 risum
455 3749 613 3809 citharoedi
634 3750 728 3809 cauda
748 3751 895 3828 magistri;

209 3846 260 3906 sed
281 3846 393 3905 Rufum
415 3857 501 3924 atque
522 3847 593 3908 alios
615 3849 709 3908 caedit
729 3863 782 3908 sua
802 3867 949 3928 quemque
970 3849 1111 3919 iuventus,
