2714 4350
520 324 689 379 SATURA
712 325 738 378 J.
762 314 879 413 20-98.

174 507 281 573 nonne¹
297 489 367 548 libet
388 488 486 547 medio
507 506 588 547 ceras
609 489 730 566 implere
751 509 875 566 capaces

174 589 345 667 quadruvio,
368 605 436 646 curn
457 578 517 645 iam
538 596 620 646 sexta
642 589 755 648 cervice
776 589 886 648 feratur

174 689 244 747 hinc
264 680 353 764 atque
374 687 442 746 inde
464 695 568 767 patens
590 704 625 745 ac
646 686 726 745 nuda
746 705 841 763 paene
863 686 1000 749 cathedra

174 796 204 846 et
224 785 349 845 multum
370 784 496 844 referens
517 783 553 843 de
574 783 746 844 Maecenate
767 785 873 862 supino

174 886 312 962 signator,
334 883 407 943 falso
420 866 479 960 'qui
500 901 533 941 se
553 880 665 941 lautum
686 892 773 960 atque
795 885 912 943 beatum

175 985 288 1062 exiguis
307 983 413 1041 tabulis
432 991 462 1041 et
482 1000 599 1059 gemma
619 981 719 1042 fecerit
739 982 817 1042 uda?

174 1082 301 1143 occurrit
321 1092 456 1142 matrona
475 1091 588 1158 potens,
610 1099 686 1158 quae
707 1081 794 1141 molle
816 1081 959 1142 Calenum

175 1191 347 1267 pqrrectura,
363 1180 548 1240 viromiscet
569 1180 684 1240 sitiente
705 1182 847 1253 rubetam,

174 1255 351 1357 instituitque
367 1262 459 1338 rudes
480 1279 582 1339 r'nelior
598 1261 931 1356 ‘Lucusta'propinquas

175 1397 227 1454 per
247 1377 356 1436 samam
377 1382 405 1436 et
425 1378 568 1454 populum
590 1379 691 1454 nigros
710 1377 814 1438 efferre
835 1379 963 1437 maritos,

176 1477 249 1535 aude
270 1477 378 1553 aliquid
398 1477 533 1535 brevibus
553 1476 659 1553 Gyaris
680 1487 709 1536 et
729 1495 844 1536 carcere
865 1477 996 1553 dignum,

176 1577 200 1634 si
215 1554 264 1634 'iris
284 1594 348 1635 esse
370 1574 485 1652 aliquid.
527 1575 657 1652 probitas
678 1575 811 1635 laudatur
831 1586 860 1634 et
882 1575 966 1651 alget.

176 1674 350 1734 criminibus·
364 1673 471 1733 debent
492 1674 592 1732 hortos
614 1675 759 1750 praetoria
775 1668 897 1734 ⁴mensas
1002 1670 1005 1675 “

176 1782 329 1849 argentum
349 1768 481 1832 vetus'et
501 1770 625 1831 stantem
646 1781 729 1831 extra
750 1773 857 1850 pocula
877 1790 1008 1849 caprum.

177 1890 265 1949 quem
285 1871 391 1949 patitur
412 1872 538 1946 dormire
559 1890 649 1931 nurus
670 1883 823 1948 corruptor
843 1889 956 1942 avarae,

176 1988 265 2047 quem
286 1959 413 2048 sponsae
433 1981 533 2046 turpes
553 1981 583 2030 et
602 1979 797 2048 praetextatus
818 1969 951 2029 adulter?

176 2069 200 2127 si
220 2064 325 2128 natura
344 2078 441 2144 negat,
462 2067 530 2128 facit
550 2069 713 2145 indignatio
733 2086 846 2127 versum

176 2169 407 2244 qualemcunque
429 2176 534 2244 potest,
556 2169 657 2245 quales
677 2186 734 2244 ego
754 2156 799 2226 vel
821 2167 987 2245 Cluuienus.

236 2267 283 2324 Ex
305 2284 364 2343 quo
386 2265 550 2325 Deucalion
571 2267 679 2325 nimbis
700 2267 866 2325 tollentibus
887 2284 998 2343 aequor

175 2365 291 2442 navigio
311 2374 443 2424 montem
463 2365 592 2424 ascendit
613 2375 763 2443 sortesque
784 2356 938 2442 poposcit(

176 2463 373 2540 paulatimque
395 2463 494 2521 anima
514 2448 666 2522 caluerul'rt
688 2464 787 2523 mollia
808 2482 888 2531 saxa,

175 2562 316 2640 quidquid
338 2570 428 2639 agrmt
447 2562 592 2643 homines,
612 2572 713 2621 votum
734 2562 820 2621 timor
840 2563 882 2621 ira
903 2564 1036 2640 voluptas

175 2660 282 2736 gaudia
303 2648 449 2720 discursus
469 2661 560 2719 nostri
580 2661 695 2737 farrago
715 2661 803 2719 libelli
824 2670 876 2719 est.

176 2768 204 2816 et
225 2759 344 2835 quando
364 2760 481 2818 uberior
502 2760 637 2817 vitionrm
658 2759 771 2836 copial'
794 2760 914 2835 quando

175 2859 267 2918 maior
288 2848 421 2917 avaritiae
443 2858 535 2933 patuit
556 2857 656 2916 sinus?
685 2859 748 2916 alea
769 2858 889 2935 quando

175 2956 228 3016 hos
243 2955 384 3014 animos?
405 2974 500 3032 neque
521 2956 599 3014 enim
620 2956 722 3015 loculis
744 2957 948 3033 comitantibus
968 2959 1025 3015 itur

176 3055 213 3113 ad
235 3071 337 3114 casum
358 3053 481 3123 tabulae,
503 3054 600 3130 posita
621 3054 674 3113 sed
693 3055 799 3114 luditur
821 3074 897 3115 arca.

175 3153 285 3229 proelia
305 3162 416 3230 quanta
437 3152 494 3211 illic
516 3153 716 3229 dispensatore
737 3154 848 3212 videbis

176 3251 335 3327 armigerol
358 3252 521 3328 simplexne
543 3250 624 3311 furor
645 3252 776 3310 sestertia
797 3261 914 3310 eentum

176 3346 296 3425 perdere
316 3349 494 3409 et'horrenti
514 3351 645 3409 tunicam
666 3369 728 3410 non
750 3351 871 3408 reddere
893 3353 994 3410 servo?

178 3450 241 3526 quis
261 3450 382 3509 totidem
402 3452 494 3509 erexit
513 3451 601 3522 villas,
624 3452 689 3529 quis
710 3452 818 3511 fercula
840 3460 952 3528 septem

179 3542 288 3607 secreto
311 3550 425 3608 cenavit
445 3552 541 3610 avus?
563 3571 643 3611 nunc
665 3551 795 3628 sportula
814 3552 910 3628 primo

179 3643 275 3706 limine
295 3665 386 3724 parva
407 3649 488 3707 sedet
508 3651 610 3709 turbae
631 3651 772 3727 rapienda
794 3660 929 3726 togatae:

180 3741 223 3801 ille
243 3755 342 3804 tamen
363 3742 468 3804 faciem
485 3748 566 3824 prius
587 3748 703 3824 inspicit
723 3758 753 3806 et
773 3747 906 3824 trepidat,
927 3766 966 3806 ne

183 3843 344 3920 suppositus
363 3844 463 3904 venias
485 3864 519 3904 ac
540 3845 615 3904 falso
636 3847 756 3925 nomine
774 3865 889 3925 poscas.

676 3963 695 4004 a
717 3965 733 4003 2
