2714 4350
158 305 222 370 '126
461 311 501 366 D.
525 310 642 366 IUNII
659 310 895 367 IUVENALIS
943 337 946 345 ·

155 476 236 536 addit
256 485 284 535 et
305 473 467 534 Herculeos
487 493 571 533 arcus
590 473 763 552 hastamque
783 472 942 545 Minervae,

154 575 296 652 quidquid
317 574 424 632 habent
444 573 568 632 telorum
588 574 809 632 armamentaria
830 573 910 632 caeli.

154 676 179 733 si
200 693 269 733 vero
290 684 319 732 et
339 684 421 750 pater
442 684 493 745 est,
517 673 706 745 ‘comedam'
728 675 830 751 inquit,
852 673 965 733 ‘flebile
986 675 1047 732 nati

155 772 279 848 sinciput
299 773 366 845 elixi
388 771 553 848 Pharioque
574 771 718 830 madentis
739 774 840 832 aceto!

217 870 290 930 Sunt
311 873 341 929 in
362 871 494 931 fortunae
516 870 566 947 qui
587 871 700 930 casibus
721 871 821 930 omnia
841 881 953 948 ponant

153 980 181 1028 et
202 971 282 1029 nullo
303 971 421 1030 credant
441 970 585 1027 mundum
605 980 715 1028 rectore
735 971 853 1042 moveri,

153 1079 256 1128 natura
275 1070 406 1128 volvente
426 1070 503 1127 vices
524 1077 553 1126 ct
573 1068 645 1127 lucis
665 1077 694 1127 et
714 1069 792 1139 anni,

153 1178 238 1245 atque
259 1170 327 1228 ideo
349 1168 482 1244 intrepidi
504 1186 705 1245 quaecumque
725 1167 824 1226 altaria
845 1175 976 1243 tangunt.

154 1262 211 1347 [est
232 1267 304 1325 alius
325 1275 464 1337 metuens,
486 1285 522 1324 ne
545 1267 654 1324 crimen
675 1283 770 1341 poena
790 1274 925 1341 sequatur
933 1259 955 1346 3]

151 1366 198 1424 hic
220 1376 302 1442 putat
322 1384 385 1424 esse
406 1365 477 1424 deos
499 1375 526 1424 et
547 1366 663 1441 peierat,
684 1375 770 1441 atque
791 1365 832 1423 ita
852 1382 966 1423 secum:

151 1464 307 1523 ‘decernat
328 1464 535 1544 quodcumque
555 1464 631 1522 volet
652 1465 688 1523 de
709 1482 829 1540 corpore
849 1474 949 1522 nostro

152 1563 206 1621 Isis
227 1573 256 1621 ct
277 1563 349 1622 irato
371 1561 453 1620 feriat
474 1580 540 1620 mea
559 1561 671 1620 lumina
692 1563 784 1632 sistro,

152 1661 314 1720 dummodo
334 1661 379 1719 vel
400 1679 503 1719 caecus
524 1671 638 1719 teneam
660 1678 733 1738 quos
754 1662 869 1736 abnego
890 1677 1035 1718 nummos.

151 1772 179 1818 et
199 1759 320 1836 phthisis
341 1771 369 1820 et
389 1761 528 1835 vomicae,
541 1769 639 1835 putres
660 1768 689 1818 et
710 1759 861 1817 dimidium
881 1776 947 1817 crus

151 1868 218 1917 sunt
239 1860 318 1917 tanti.
353 1878 464 1936 pauper
483 1858 658 1933 locupletem
679 1867 778 1935 optare
799 1859 967 1935 podagram

150 1976 205 2017 nec
228 1958 338 2016 dubitet
358 1957 464 2028 LadaS,
486 1959 510 2016 si
530 1976 592 2016 non
612 1967 678 2034 eget
698 1958 836 2034 Anticyra
857 1976 915 2016 nec

89 2101 93 2115 .
149 2056 330 2133 Archigene3
355 2057 426 2134 quid
446 2058 525 2115 enim
545 2057 649 2116 velocis
671 2057 763 2133 gloria
784 2057 902 2134 plantae

150 2164 275 2230 praestat
296 2166 323 2214 et
344 2156 472 2214 esuriens
494 2154 613 2215 Pisaeae
634 2174 731 2215 ramus
756 2156 869 2215 olivae?

149 2261 180 2309 ut
202 2253 239 2310 sit
259 2271 374 2329 magna,
396 2262 493 2311 tamen
515 2263 592 2314 certe
611 2255 689 2313 lenta
710 2255 752 2312 ira
773 2254 894 2313 deorum
915 2263 984 2327 θεῖς,

148 2350 173 2408 si
194 2362 295 2409 curant
316 2352 400 2427 igitur
420 2363 541 2410 cunctos
562 2353 663 2430 punire
684 2363 832 2424 nocentes

148 2449 267 2525 quando
288 2451 325 2508 ad
346 2468 394 2509 me
414 2451 550 2510 venienti*
569 2452 621 2510 sed
641 2462 668 2510 et
689 2442 835 2510 exorabile
855 2469 972 2509 numen,

147 2545 268 2631 sortasse
289 2548 419 2624 experiar
426 2567 434 2619 ;
457 2548 528 2607 solet
548 2549 593 2606 his
614 2549 775 2625 ignoscere.
810 2547 893 2605 multi

148 2645 330 2704 committunt
352 2647 455 2706 eadem
477 2649 590 2706 diverso
611 2649 731 2707 crimina
752 2648 830 2720 fato;

146 2743 192 2802 ille
213 2762 329 2803 crucem
350 2746 462 2804 sceleris
483 2748 608 2822 pretium
628 2747 699 2817 tulit,
722 2747 769 2805 hic
790 2743 942 2805 diadema!

146 2843 187 2901 sic
208 2844 338 2902 animum
361 2845 440 2903 dirae
460 2846 604 2922 trepidum
624 2846 777 2905 formidine
798 2846 900 2922 culpae

146 2941 306 3016 confirmat,
328 2951 397 3002 tunc
419 2954 447 3002 te
467 2962 550 3002 sacra
570 2945 608 3002 ad
629 2945 747 3003 delubra
767 2953 922 3003 vocantem

145 3041 299 3117 praecedit,
320 3043 431 3101 trahere
452 3043 549 3101 immo
565 3043 639 3101 ultro
660 3062 695 3102 ac
716 3062 820 3103 vexare
840 3054 974 3120 paratus„

144 3157 215 3196 nam
235 3158 304 3198 cum
325 3158 432 3217 magna
453 3140 547 3198 malae
567 3153 697 3217 superest
718 3141 841 3201 audacia
861 3161 983 3217 causae.

145 3238 268 3296 creditur
289 3257 307 3296 a
327 3239 424 3298 multis
444 3240 559 3298 fiducia.
593 3240 716 3298 mimum
737 3241 797 3316 agit
818 3241 873 3314 ille,

143 3335 247 3394 urbani
266 3338 384 3417 qualem
404 3337 539 3415 fugitivus
560 3356 659 3398 scurra
680 3338 802 3409 Catulli;

143 3443 175 3492 tu
196 3434 284 3493 miser
303 3436 459 3508 exclamas,
480 3448 513 3495 ut
535 3437 669 3496 Stentora
689 3438 801 3496 vincere
822 3440 925 3515 possis

89 3531 92 3538 ’
143 3533 188 3591 vel
209 3533 305 3608 potius
327 3546 467 3612 quantum
490 3535 632 3595 Gradivus
653 3535 847 3596 Homericus:
871 3539 977 3612 ‘audis

142 3631 281 3707 Iuppiter,
301 3631 383 3706 haec,
405 3652 460 3692 nec
480 3634 561 3693 labra
581 3654 689 3706 moves,
709 3655 778 3694 cum
798 3638 910 3697 mittere
930 3657 1033 3700 vocem

143 3730 276 3788 debueris
296 3730 341 3788 vel
361 3749 540 3792 marmoreus
560 3734 605 3792 vel
625 3737 751 3793 aeneus?
775 3747 822 3796 aut
844 3755 895 3797 cur
981 3778 983 3785 ι

143 3827 175 3888 in
195 3829 321 3888 carbone
343 3839 393 3889 tuo
415 3830 513 3891 charta
533 3833 582 3908 pia
602 3842 664 3892 tura
684 3832 779 3894 soluta

1176 783 1203 843 ⁸5
