2714 4350
435 294 604 352 sArurA
634 295 699 351 νη.
720 295 914 372 179-VIII.
929 305 960 368 4·
1187 301 1228 372 95

176 461 295 534 Rufum,
316 478 405 540 quem
425 462 530 521 totiens
551 460 726 519 Ciceronem
747 459 907 537 Allobroga
928 459 1008 521 dixit.

237 561 312 634 Quis
333 561 444 637 gremio
465 559 567 618 Celadi
588 559 724 636 doctique
744 558 928 618 Palaemonis
949 559 1039 618 adfert
1183 581 1229 634 ²¹5

175 670 317 738 quantum
337 657 542 735 grammaticus
563 657 668 714 meruit
688 656 790 716 labor?
814 667 843 716 et
863 667 962 716 tamen
982 676 1019 716 ex
1041 657 1097 716 hoc

174 758 381 836 quodcumque
402 767 445 815 est
466 753 574 834 (minus
595 764 639 813 est
658 764 757 813 autem
777 774 866 832 quam
887 755 1008 815 rhetoris
1028 752 1108 833 aera)

174 854 306 931 discipuli
328 864 424 913 custos
445 852 630 930 praemordet
650 860 877 924 acoenonoetus,

173 965 202 1015 et
224 955 275 1032 qui
296 955 453 1031 dispensat,
475 952 588 1028 franget
609 953 672 1011 sibi.
715 953 800 1025 cede„
818 952 985 1024 Palaemon,

174 1065 202 1114 et
223 1065 323 1130 patere
343 1053 412 1111 inde
433 1051 546 1128 aliquid
564 1052 744 1123 decrescere,
760 1070 821 1111 non
843 1052 924 1111 aliter
945 1070 1034 1130 quam

174 1152 286 1211 institor
307 1151 446 1210 hibernae
466 1149 567 1227 tegetis
588 1150 722 1227 niveique
743 1151 861 1210 cadurci
872 1170 884 1210 :-

175 1248 337 1309 dummodo
358 1267 419 1308 non
440 1257 553 1325 pereat,
569 1248 682 1306 mediae
704 1248 784 1325 quod
804 1250 899 1308 noctis
920 1250 958 1308 ab
978 1249 1052 1308 hora

175 1348 280 1420 sedisti,
303 1367 361 1424 qua
382 1364 471 1406 nemo
491 1344 582 1416 faber,
604 1364 663 1422 qua
682 1364 777 1404 nemo·
792 1347 912 1419 sederet,

175 1448 225 1525 qui
247 1447 332 1504 docet
352 1444 479 1522 obliquo
494 1443 592 1502 lanam
614 1443 759 1503 deducere
780 1444 876 1518 ferr03

176 1545 344 1605 dummodo
359 1563 420 1604 non
441 1553 540 1619 pereat
559 1543 681 1602 totidem
701 1543 832 1604 olfecisse
853 1545 999 1617 lucemas,

177 1655 249 1722 quot
270 1645 384 1713 stabant
405 1642 493 1718 pueri,
516 1659 582 1699 cum
604 1650 681 1700 totus
701 1641 818 1702 decolor
838 1654 912 1702 esset

176 1723 299 1802 Flaccus
319 1753 347 1801 et
367 1742 494 1800 haereret
515 1741 600 1816 nigro
621 1740 711 1817 fuligo
732 1741 858 1801 aaroni.

175 1861 239 1901 rara
260 1852 359 1900 tamen
380 1857 492 1899 merces
513 1858 589 1917 quae
609 1840 777 1917 cognitione
798 1842 910 1899 tribuni

176 1959 238 2000 non
259 1949 351 2016 egeat.
390 1937 441 1998 sed
461 1956 514 1996 uos
534 1957 634 1999 saevas
655 1940 784 2015 inponite
805 1940 900 2016 leges,

176 2048 207 2097 ut
228 2040 409 2115 praeceptori
430 2038 584 2097 verborum
606 2037 705 2114 regula
725 2049 847 2110 constet,

176 2146 207 2195 ut
228 2137 305 2213 legat
325 2136 464 2206 historias,
486 2146 619 2196 auctores
639 2137 751 2195 noverit
770 2155 874 2195 omnes

176 2247 325 2312 tamquam
346 2253 458 2310 ungues
479 2234 642 2312 digitosque
664 2253 742 2307 suos,
764 2244 795 2293 ut
815 2234 888 2294 forte
910 2244 1036 2312 rogatus,

178 2335 248 2392 dum
269 2333 339 2410 petit
359 2342 408 2392 aut
427 2333 556 2393 thermas
577 2344 627 2392 aut
649 2333 762 2393 Phoebi
782 2334 895 2406 balnea,
917 2334 994 2392 dicat

178 2434 320 2492 nutricem
340 2431 496 2502 Anchisae,
517 2451 626 2491 nomen
647 2421 829 2510 patriamque
850 2450 991 2493 novercae

178 2530 368 2601 Anchemoli,
385 2530 461 2588 dicat
482 2541 554 2607 quot
574 2531 696 2590 Acestes
717 2531 817 2590 vixerit
843 2531 942 2602 annis,
969 2515 972 2523 ¹

179 2639 249 2706 quot
272 2629 384 2688 Siculas
404 2629 568 2706 Phrygibus
588 2630 647 2688 vini
662 2630 818 2708 ‚donaverit
838 2648 935 2689 urnas.

179 2729 283 2804 exigite
304 2740 336 2787 ut
357 2747 454 2788 mores
474 2739 590 2788 teneros
612 2747 666 2788 ceu
687 2729 793 2806 pollice
814 2728 911 2798 ducat,

179 2836 210 2885 ut
231 2828 255 2886 si
277 2827 342 2904 quis
362 2845 428 2886 cera
448 2827 557 2886 voltum
578 2826 669 2898 sacit;:
685 2828 792 2903 exigite
813 2836 845 2885 ut
866 2827 904 2884 sit
953 2858 960 2872 ·

180 2936 207 2984 et
228 2936 310 3002 pater
330 2925 421 3001 ipsius
442 2934 552 2997 coetae,
574 2943 613 2984 ne
634 2925 730 3002 turpia
750 2925 859 2984 ludant.

181 3023 286 3096 ‘haec,'
308 3024 410 3101 inquit,
433 3027 538 3083 ‘curaz
561 3033 604 3083 set
626 3042 695 3082 cum
716 3043 748 3082 se
769 3024 884 3083 verterit
906 3040 1010 3092 annus,

181 3123 287 3200 accipe,
309 3122 410 3182 victori
431 3122 558 3200 populus
579 3123 661 3199 quod
681 3123 816 3199 postulat,
839 3119 958 3180 aurum!

633 3372 750 3451 Vlll.

184 3529 346 3591 Srnuusm
368 3529 439 3607 quid
459 3529 587 3589 faciunt?
611 3529 681 3605 quid
702 3528 830 3606 prodest,
852 3526 984 3598 Pontice,
1006 3526 1096 3603 longo

184 3630 321 3707 sanguine
343 3628 463 3699 censeri,
484 3629 578 3705 pictos
599 3627 752 3687 ostendere
773 3625 868 3684 vultus

185 3728 325 3787 maiorum
347 3738 375 3788 et
395 3728 496 3787 stantis
517 3725 547 3785 in
568 3727 699 3785 curribus
720 3725 899 3786 Aemilianos

187 3834 213 3893 et
231 3822 336 3886 Curios
356 3826 418 3885 iam
436 3825 571 3886 dimidios
592 3840 768 3903 umerosque
789 3824 933 3884 minorem
