2714 4350
202 350 244 414 92
504 337 543 395 D.
565 337 684 392 IUNII
700 335 935 391 IUVENALJS

201 501 367 579 praecipue,
384 500 428 559 vel
449 501 474 560 si
494 500 585 578 tetigit
605 499 680 560 latus
700 500 795 559 acrior
814 499 872 570 illo,

202 601 252 678 qui
272 599 350 658 venit
370 599 408 657 ad
430 599 551 659 dubium
571 599 674 676 grandi
695 617 763 657 cum
786 598 887 657 codice
908 615 1025 658 nomeu.

201 709 270 758 tunc
291 698 434 756 immensa
454 699 517 757 cavi
538 699 647 775 spirant
667 697 820 756 mendacia
841 696 923 755 folles

202 797 429 873 conspuiturque
449 797 545 856 sinus:
570 815 669 856 veram
690 795 889 872 depraendere
910 813 1036 854 messem

201 896 226 955 si
247 895 321 964 libet,
343 895 411 955 hinc
432 906 550 954 centum
570 895 745 972 patrimonia
766 894 986 966 causidicorum,

202 1004 283 1070 parte
304 993 360 1051 alia
381 994 476 1053 solum
496 995 598 1054 russati
619 1013 696 1070 pone
717 992 874 1052 Lacernae.

203 1092 360 1151 consedere
381 1092 478 1165 duces,
499 1093 593 1169 surgis
613 1103 644 1151 tu
665 1091 788 1168 pallidus
807 1092 894 1163 Aiax,

197 1190 331 1250 'dicturus
353 1191 440 1250 dubia
460 1210 513 1270 pro
534 1193 662 1251 libertate
683 1190 817 1252 bubulco·

203 1289 306 1349 iudice.
348 1309 451 1366 rumpe
471 1291 558 1350 miser
577 1302 692 1349 tensum
712 1290 801 1362 iecur,
821 1298 853 1347 ut
873 1290 925 1348 tibi
944 1288 1022 1348 lasso

204 1384 329 1461 figantur
349 1385 459 1456 virides,
482 1385 627 1444 scalarum
644 1386 745 1460 gloria,
766 1385 896 1462 palmae,

203 1483 284 1559 quod
304 1483 383 1542 vocis
403 1485 546 1560 pretium?
566 1485 661 1543 siccus
682 1482 886 1560 petasunculus
906 1490 935 1540 et
955 1499 1006 1540 vas

204 1582 399 1658 pelamydum,
421 1593 471 1641 aut
491 1593 608 1655 veteres,
630 1583 803 1642 Maurorum
824 1581 977 1658 epimenia,
999 1579 1089 1650 bulbi,

204 1690 254 1739 aut
270 1682 369 1739 vinum
390 1681 490 1741 Tiberi
511 1682 670 1754 devectum,
692 1683 821 1758 quinque
842 1680 978 1755 lagonae.

205 1781 228 1837 si
249 1790 353 1857 quater
372 1781 464 1856 egisti,
485 1782 509 1840 si
530 1782 651 1857 contigit
672 1799 776 1840 aureus
798 1797 882 1851 unus,

205 1876 272 1934 inde
294 1877 401 1935 cadunt
421 1890 517 1955 partes
537 1899 573 1938 ex
595 1879 710 1939 foedere
731 1877 992 1955 pragmaticorum..

205 1976 330 2034 Aemilio
351 1976 465 2036 dabitur
484 1990 625 2056 quantum
645 1978 719 2050 licet,
740 1988 769 2036 et
789 1976 891 2034 melius
912 1993 967 2033 nos

205 2075 327 2151 egimus.
360 2074 445 2135 huius
465 2078 544 2136 enim
564 2087 620 2136 stat
640 2095 742 2136 curms
763 2092 880 2145 aeneus,
900 2073 955 2132 alti.

205 2173 391 2250 quadriiuges
411 2175 442 2233 in
462 2177 617 2246 vestibulis,
639 2187 725 2252 atque
746 2175 808 2251 ipse
828 2171 919 2231 feroci

205 2272 341 2332 bellatore
362 2273 467 2332 sedens
487 2286 636 2335 curvatum
657 2273 760 2333 hastile
779 2273 904 2330 minatur

206 2372 320 2430 eminus
341 2380 369 2430 et
390 2383 483 2431 statua
503 2374 656 2432 meditatur
676 2372 786 2450 proelia
805 2372 894 2430 lusca.

205 2471 247 2529 sic
268 2469 349 2528 Pedo
369 2473 531 2544 conturbat,
552 2471 657 2531 Matho
678 2472 790 2531 deficit:
815 2469 909 2528 exitus
929 2466 977 2526 hic
997 2476 1041 2524 est

207 2569 345 2645 Tongilii,
366 2588 475 2645 magno
497 2590 564 2629 cum
585 2571 765 2630 rhinocerote
785 2568 874 2628 lavari

206 2669 256 2746 qui
277 2667 349 2726 solet
369 2677 398 2726 et
412 2679 497 2728 vexat
517 2669 656 2728 lutulenta
676 2669 781 2728 balnea
800 2667 885 2726 turba

206 2786 316 2844 perque
337 2766 431 2825 lorum
452 2768 568 2827 iuvenes
589 2769 679 2845 longo
700 2767 806 2846 premit
827 2783 924 2825 assere
946 2764 1070 2835 Medos,¹

207 2876 355 2942 empturus
376 2883 482 2942 pueros
503 2877 656 2942 argentum
676 2867 806 2925 murrina
826 2864 906 2922 villas
913 2883 930 2937 ;.

207 2965 332 3040 spondet
353 2966 431 3022 enim
453 2965 545 3042 Tyrio
567 2965 703 3024 stlattaria
722 2982 850 3041 purpura
871 2962 929 3022 filo.

206 3073 235 3122 et
256 3073 354 3122 tamen
374 3073 418 3122 est
438 3063 492 3122 illis
512 3063 569 3122 hoc
589 3064 667 3135 utile,
689 3081 816 3140 purpura
836 3061 934 3120 vendit

208 3162 394 3232 causidicum,
415 3162 543 3220 vendunt
564 3161 763 3239 amethystina,
785 3161 920 3220 convenit
939 3159 1003 3217 illis

207 3269 237 3316 et
257 3259 376 3335 strepitu
395 3268 423 3317 et
445 3259 516 3318 facie
537 3260 655 3318 maioris
675 3261 768 3317 vivere
789 3275 903 3316 census.

210 3350 276 3435 [sed
296 3357 390 3415 finem·
405 3357 545 3434 inpensae
566 3377 627 3416 non
648 3369 741 3417 servat
760 3355 884 3433 prodiga
904 3350 1024 3436 Roma]

208 3455 323 3512 fidimus
343 3455 480 3532 eloquio?
522 3456 656 3517 Ciceroni
675 3474 765 3515 nemo
785 3455 926 3515 ducentos

208 3571 286 3611 nunc
309 3552 419 3612 dederit
440 3573 586 3628 nummos,
608 3555 664 3612 nisi
684 3554 791 3612 fulserit
812 3553 915 3612 anulus
936 3553 1056 3629 iugens,

208 3652 325 3730 respicit
346 3653 418 3712 haec
438 3655 563 3730 primum
583 3655 634 3731 qui
654 3655 753 3730 litigat,
776 3672 814 3713 an
835 3653 885 3711 tibi
907 3652 981 3710 setvi

208 3761 285 3824 octo,
307 3751 409 3810 decem
430 3753 560 3823 comites,
581 3772 620 3811 an
640 3763 707 3828 post
727 3761 754 3810 te
776 3751 854 3822 sella,
876 3742 972 3828 togati

121 3857 123 3861 ‘
208 3859 275 3908 ante
296 3850 394 3927 pedes
429 3850 495 3910 ideo
516 3851 661 3911 conducta
682 3851 787 3910 Paulus
808 3851 913 3928 agebat
