2714 4350
207 335 248 414 76
507 339 547 395 D.
571 337 690 394 IUNII
707 337 943 393 IUVENALIS

205 504 337 565 conferat
358 503 527 580 impensas:
549 503 597 563 hic
618 503 698 563 nuda
719 512 748 562 et
768 502 895 562 candida
916 503 1010 579 signa,

204 604 252 662 hic
273 602 382 681 aliquid
403 603 584 679 praeclarum
604 603 805 679 Euphranoris
827 613 856 661 et
877 601 1018 677 Polycliti,

205 701 455 778 phaecasiatorum
476 712 572 761 vetera
593 712 767 760 ornamenta
787 700 919 772 deorum,

204 800 253 859 hic
273 800 362 858 libros
383 799 464 859 dabit
484 810 513 859 et
533 799 643 859 forulos
665 799 852 877 mediamque
873 797 1047 866 Minervam,

205 897 252 956 hic
273 897 404 957 modium
425 898 547 974 argenti.
589 898 709 957 meliora
726 916 761 956 ac
782 897 865 974 plura
886 895 1002 972 reponit

204 995 338 1055 Persicus
358 997 496 1056 orborum
516 997 691 1055 lautissimus
712 1005 743 1054 et
763 996 868 1055 merito
889 995 948 1052 iam

205 1104 365 1170 suspectus
386 1104 538 1171 tamquam
560 1095 622 1170 ipse
643 1112 710 1152 suas
731 1093 893 1152 incenderit
914 1092 1010 1151 aedes

204 1194 228 1251 si
249 1204 332 1270 potes
353 1193 436 1251 avelli
457 1192 642 1262 circensibus
664 1193 775 1269 optima
798 1192 887 1252 Sorae

205 1302 253 1350 aut
273 1290 457 1350 Fabrateriae
478 1290 584 1350 domus
606 1301 657 1349 aut
676 1290 839 1350 Frusinone
860 1300 987 1368 paratur,

205 1389 305 1466 quanti
326 1406 405 1447 nunc
426 1389 560 1448 tenebras
581 1405 673 1447 unum
695 1387 836 1447 conducis
856 1388 887 1446 in
908 1405 1027 1449 annum.

204 1487 335 1547 hortulus
355 1487 403 1547 hic
423 1496 586 1564 puteusque
608 1485 703 1545 brevis
724 1503 779 1545 nec
800 1496 875 1545 reste
897 1485 1073 1544 movendus

204 1587 236 1644 in
257 1586 352 1644 tenuis
372 1585 486 1662 plantas
506 1584 583 1643 facili
605 1584 771 1644 defunditur
791 1584 906 1643 haustu.

204 1684 266 1742 vive
287 1684 412 1742 bidentis
434 1701 537 1742 arnans
557 1692 587 1742 et
607 1683 676 1742 culti
697 1683 797 1742 vilicus
818 1682 901 1754 horti,

204 1783 283 1842 unde
303 1782 422 1858 epulum
443 1782 537 1858 possis
559 1793 677 1840 centum
699 1782 767 1841 dare
788 1781 986 1859 Pythagoreis.

205 1891 248 1940 est
269 1879 388 1958 aliquid,
405 1898 590 1958 quocumque
611 1879 688 1950 loco,
709 1897 897 1958 quocumque
918 1897 1042 1949 recessu,

205 1980 291 2038 unius
312 1997 376 2038 sese
397 1980 550 2038 dominum
571 1978 674 2038 fecisse
695 1979 830 2038 lacertae.

266 2077 409 2136 Plurimus
429 2077 476 2136 hic
497 2096 584 2153 aeger
598 2079 725 2136 'moritur
746 2077 911 2153 vigilando;
933 2077 985 2136 sed
1006 2077 1103 2153 ipsum

206 2177 377 2252 languorem
397 2176 509 2252 peperit
529 2176 611 2235 cibus
632 2175 807 2252 inperfectus
827 2185 856 2235 et
875 2175 1000 2235 haerens

206 2273 318 2331 ardenti
339 2273 500 2345 stomacho,
522 2293 592 2332 nam
614 2293 690 2351 quae
710 2275 856 2333 meritoria
876 2292 1015 2336 somnum

205 2371 378 2430 admittunt?
399 2371 514 2447 magnis
534 2373 642 2448 opibus
664 2373 804 2432 dormitur
824 2374 855 2431 in
876 2375 957 2444 urbe,

205 2469 273 2528 inde
294 2479 383 2545 caput
403 2470 504 2529 morbi.
546 2471 680 2530 redarum
700 2472 835 2530 transitus
857 2482 920 2531 arto

205 2569 336 2627 vicorum
357 2567 466 2626 inflexu
487 2579 516 2626 et
537 2570 638 2628 stantis
659 2571 790 2630 convicia
810 2571 950 2630 mandrae

205 2666 328 2742 eripient
349 2683 485 2725 somnum
505 2665 603 2726 Druso
624 2668 777 2744 vitulisque
798 2668 927 2728 marinis.

268 2763 299 2822 Si
320 2773 405 2824 vocat
427 2765 564 2836 officium,
587 2767 671 2824 turba
692 2767 815 2825 cedente
835 2767 955 2826 vehetur

206 2863 284 2922 dives
306 2873 334 2921 et
355 2840 474 2939 ingenti0
487 2874 581 2923 curret
601 2882 688 2940 super
708 2883 760 2924 ora
781 2865 904 2938 liburna,

205 2971 293 3039 atque
313 2961 405 3020 obiter
426 2962 503 3038 leget
523 2973 573 3020 aut
594 2964 700 3022 scribet
721 2963 767 3022 vel
789 2964 914 3024 dormiet
934 2965 1020 3036 intus,

160 3080 161 3084 ¹
205 3078 332 3137 namque
353 3059 422 3118 facit
442 3078 580 3120 somnum
601 3061 700 3120 clausa
721 3062 823 3120 lectica
845 3060 978 3132 fenestra,

206 3168 272 3217 ante
294 3168 391 3216 tamen
412 3159 514 3219 veniet.
556 3160 643 3218 nobis
664 3160 888 3236 properantibus
910 3163 1008 3220 obstat

205 3255 286 3314 unda
306 3257 394 3332 prior,
416 3275 526 3334 magno
547 3248 674 3334 populus
694 3258 802 3335 premit
823 3260 941 3335 agmine
962 3258 1078 3318 lumbos

206 3353 256 3430 qui
277 3355 413 3429 sequitur,
435 3355 499 3415 ferit
519 3355 567 3415 hic
588 3358 694 3430 cubitu,
716 3356 781 3415 ferit
801 3375 899 3417 assere
920 3358 995 3417 duro

206 3451 283 3521 alter,
305 3462 335 3510 at
355 3451 402 3511 hic
422 3454 537 3530 tignum
558 3455 644 3532 capiti
664 3455 774 3528 incutit,
796 3455 843 3514 ille
859 3466 1029 3528 metretam

205 3549 326 3625 pinguia
348 3568 431 3609 crura
451 3553 530 3626 lut0;
552 3553 651 3630 planta
671 3572 742 3613 mox
763 3554 892 3632 undique
912 3573 1021 3632 magna

207 3647 303 3706 calcor
321 3657 349 3706 et
371 3648 400 3707 in
421 3650 518 3726 digito
534 3652 630 3711 clavus
651 3652 723 3710 mihi
743 3653 841 3710 militis
863 3652 970 3713 haeret.

207 3764 305 3805 nonne
327 3747 414 3818 vides,
436 3759 546 3826 quanto
568 3751 728 3810 celebretur
749 3751 876 3827 sportula
896 3751 999 3811 fumo?

207 3853 325 3904 centum
346 3845 491 3919 convivae,
514 3848 643 3926 sequitur
663 3867 716 3908 sua
737 3867 884 3926 quemque
905 3849 1010 3908 culina.
