2714 4350
472 295 642 350 snrunn
665 295 757 352 Xrn.
776 300 934 369 152-221.
1165 299 1236 373 12‘92

175 457 340 517 accusatori
361 456 449 518 nollet
471 457 550 517 dare.
594 454 733 538 [plurima
753 458 822 517 felix

175 556 315 632 paulatim
336 556 404 614 vitia
424 566 513 633 atque
534 574 644 615 errores
666 557 745 616 exuit
766 575 879 628 omnes,

175 656 268 731 prima
290 657 376 714 docet
397 665 507 714 rectum
528 652 691 736 sapientia]
728 657 836 732 quippe
858 655 962 713 minuti

174 773 289 830 semper
310 764 340 812 et
360 754 467 812 infirmi
487 763 530 812 est
551 755 642 811 animi
663 754 818 831 exiguique
839 754 973 830 voluptas
1183 776 1227 825 190

174 852 261 911 ultio:
284 853 424 911 continuo
446 853 486 910 sic
508 852 620 928 collige,
642 852 723 929 quod
744 851 871 910 vindicta
962 881 964 888 ⁴

175 968 263 1009 nemo
284 950 379 1026 magis
399 950 513 1026 gaudet,
536 968 625 1027 quam
646 950 762 1009 femina.
797 968 850 1008 cur
869 960 969 1010 tamen
989 949 1044 1010 hos
1064 959 1097 1008 tu

175 1050 300 1107 evasisse
321 1058 414 1125 putes,
436 1066 511 1125 quos
533 1048 587 1107 diri
608 1049 726 1108 conscia
747 1048 815 1107 facti

175 1166 258 1207 mens
279 1148 367 1206 habet
387 1147 525 1207 attonitos
544 1156 573 1204 et
593 1147 680 1207 surdo
701 1148 818 1206 verbere
840 1148 934 1206 caedit
954 1161 958 1168 ·

175 1246 324 1305 occultum
344 1246 492 1322 quatiente
514 1246 613 1305 animo
633 1256 742 1305 tortore
763 1246 933 1323 flagellum?

176 1363 272 1421 poena
293 1353 390 1402 autern
411 1344 569 1403 vehemens
589 1362 624 1402 ac
645 1344 737 1403 multo
760 1346 872 1404 saevior
892 1345 956 1418 illis,

176 1462 248 1520 quas
270 1451 299 1501 et
321 1443 475 1502 Caedicius
496 1443 591 1520 gravis
611 1443 719 1502 invenit
740 1452 769 1502 et
791 1442 1043 1514 Rhadamanthus

177 1553 261 1602 nocte
281 1543 386 1619 dieque
408 1560 493 1600 suum
514 1552 628 1619 gestare
649 1543 679 1600 in
700 1552 819 1619 pectore
839 1552 952 1601 testem.

178 1641 322 1718 Spartano
344 1641 460 1700 cuidam
481 1641 634 1718 respondit
654 1640 757 1716 Pythia
775 1651 864 1712 vates,

177 1741 245 1799 haut
266 1741 443 1816 impunitum
463 1739 613 1816 quondam
633 1739 704 1812 fore,
727 1740 808 1817 quod
829 1739 973 1799 dubitaret
1057 1781 1059 1787 ·

177 1839 342 1915 depositum
363 1839 485 1897 retinere
505 1847 535 1896 et
555 1837 686 1897 fraudem
708 1839 769 1898 iure
789 1839 861 1897 tueri

177 1937 307 1997 iurando
344 1938 503 2014 quaerebat
524 1937 612 2008 enirn,
635 1956 711 2014 quae
732 1937 860 1995 numinis
883 1945 960 1996 esset

178 2055 267 2107 mens,
291 2046 320 2093 et
341 2054 379 2093 an
401 2036 457 2094 hoc
478 2036 518 2092 illi
539 2035 652 2094 facinus
674 2037 808 2095 suaderet
827 2035 957 2116 Apollo?

179 2135 301 2194 reddidit
322 2153 393 2210 ergo
414 2144 502 2204 metu,
523 2146 585 2193 non
605 2135 756 2207 moribus3
778 2145 807 2193 et
828 2145 928 2193 tamen
948 2152 1069 2193 omnem

178 2251 279 2292 vocem
301 2233 379 2308 adyti
401 2233 521 2309 dignam
541 2234 652 2310 templo
673 2252 831 2311 veramque
853 2235 994 2310 probavit,

178 2335 321 2392 extinctus
342 2341 403 2391 tota
424 2333 529 2408 pariter
549 2351 618 2391 cum
639 2333 722 2410 prole
744 2334 891 2410 domoque

178 2443 204 2490 et
225 2432 359 2509 quamvis
381 2431 469 2508 longa
490 2431 620 2490 deductis
641 2442 729 2506 gente
749 2433 929 2510 propinquis.

178 2531 229 2590 has
251 2531 359 2608 patitur
380 2547 491 2606 poenas
511 2530 653 2606 peccandi
674 2531 736 2589 sola
756 2532 898 2590 voluntas.

179 2648 247 2688 nam
269 2628 364 2688 scelus
386 2628 460 2686 intra
480 2647 511 2687 se
533 2629 653 2686 tacitum
675 2629 726 2705 qui
747 2629 854 2706 cogitat
874 2629 975 2701 ullum,

180 2729 246 2786 facti
267 2728 379 2786 crimen
399 2726 503 2786 habet:
526 2728 607 2799 cedo,
631 2727 655 2785 si
677 2737 782 2786 conata
803 2729 935 2804 peregit?

179 2835 318 2904 perpetua
339 2826 470 2885 anxietas
490 2844 545 2885 nec
566 2844 685 2884 mensae
706 2834 837 2902 ternpore
859 2835 952 2884 cessat

179 2925 309 2984 faucibus
330 2933 362 2982 ut
383 2925 489 2984 morbo
510 2925 595 2983 siccis
616 2925 748 3001 interque
768 2923 894 2982 molares

180 3023 287 3082 difficili
308 3033 457 3082 crescente
479 3024 564 3096 cibo;
591 3023 690 3082 Setina
711 3022 840 3080 misellus

180 3123 288 3198 expuit,
309 3122 416 3180 Albani
437 3122 540 3181 veteris
561 3123 688 3198 pretiosa
709 3132 844 3180 senectus

181 3220 328 3297 displicet;
354 3219 491 3279 ostendas
512 3220 624 3292 melius,
646 3219 819 3278 densissima
840 3236 914 3294 ruga

181 3321 293 3396 cogitur
314 3319 345 3376 in
366 3318 500 3390 frontem,
521 3318 597 3377 velut
619 3319 679 3377 acri
699 3318 786 3377 ducta
807 3316 940 3375 Falerno.

182 3429 267 3477 nocte
288 3419 406 3477 brevem
428 3419 452 3476 si
472 3418 546 3477 lorte
567 3417 686 3476 indulsit
707 3435 776 3475 cura
796 3433 933 3493 soporem

182 3527 209 3574 et
228 3526 291 3576 toto
313 3528 426 3576 versata
446 3527 511 3577 toro
532 3518 591 3575 iam
611 3517 743 3575 membra
764 3515 926 3591 quiescunt,
1003 3541 1007 3551 ·

183 3616 321 3675 continuo
342 3616 483 3693 templum
503 3624 531 3674 et
550 3615 648 3675 violati
669 3615 796 3673 numinis
818 3631 882 3672 aras

184 3724 217 3785 et,
239 3714 320 3792 quod
340 3715 502 3791 praecipuis
523 3723 652 3772 mentem
673 3711 826 3772 sudoribus
847 3721 940 3788 urget,

169 3819 210 3899 ¹te
230 3813 306 3872 videt
328 3812 360 3870 in
381 3812 510 3886 somnis;
536 3822 587 3870 tua
608 3829 691 3871 sacra
711 3820 741 3869 et
762 3804 856 3870 maior
876 3811 974 3886 imago
1024 3840 1026 3844 ·

703 3931 714 3972 r

686 4069 756 4142 tls

641 4141 686 4179 ‚fs
